1675 2959
208 113 301 172 164
368 108 1432 164 JO.FRE1NSHEM118UPPLEM.

207 217 452 259 munimento
480 217 622 264 essent,
644 216 693 256 ad
728 216 833 267 quod
864 216 901 255 se
932 218 1173 269 reciperent,
1202 226 1270 259 aut
1297 220 1367 272 ipfi
1392 220 1494 262 ultro

205 280 455 320 subvenirent
469 279 741 320 laborantibus,
767 279 887 329 Igitur
904 279 1038 329 Caesar,
1056 294 1106 319 ne
1120 282 1262 321 diutius
1277 292 1497 323 commeatu

205 341 547 388 intercluderetur,
565 341 711 378 circiter
729 338 853 389 passus
868 338 1069 380 sexcentos
1083 341 1256 393 longffls,
1272 357 1388 394 quam
1408 345 1499 384 Ger-

206 418 408 444 manorum
431 404 561 442 stativa
579 410 707 450 erant,
725 401 849 441 castris
874 401 1017 455 delegit
1034 402 1192 469 locum:
1213 419 1396 457 eumque,
1416 408 1500 447 fru-

205 468 276 507 stra
302 463 596 516 prohibentibus
620 464 840 512 Germanis,
868 466 1150 515 communivit,
1171 479 1217 506 ac
1240 469 1335 508 duas
1362 470 1417 509 ibi
1444 470 1502 510 le—

208 529 343 578 giones
371 539 460 564 cum
485 534 593 575 parte
622 525 852 565 auxiliorum
875 524 1050 576 reliquit;
1075 535 1238 577 quatuor
1265 529 1428 581 reliquas
1453 531 1497 569 in

205 588 322 627 castra
354 589 500 637 maiora
524 583 693 626 reduxit.

263 656 433 696 XXXV.
470 654 706 702 Ariovistus,
737 666 828 693 cum
853 666 901 693 ex
923 667 1030 694 more
1055 655 1207 696 Caesaris
1235 658 1468 708 productae
1457 673 1499 700 m

207 720 332 760 aciem
358 718 480 768 copiae
509 716 660 756 circiter
685 717 887 756 meridiem
911 718 952 755 in
981 717 1098 757 castra
1126 716 1387 769 revertissent,
1418 734 1503 771 par-

203 790 287 822 tem
305 777 459 820 suorum
482 779 630 818 minora
649 779 765 818 castra
781 790 1049 830 oppugnatum
1068 780 1177 821 mifit.
1197 781 1364 821 multum
1385 783 1503 822 utrin-

208 857 284 895 que
310 842 500 893 sanguinis
533 842 673 882 fusum.
712 841 919 892 Germani,
945 856 986 882 re
1017 843 1184 893 infecta,
1211 843 1280 884 sub
1317 845 1502 886 occasum

205 906 296 945 solis
321 902 932 955 recefferunt.Caesa1-‚quaes1ta
956 917 1004 943 ex
1035 905 1193 955 captivis
1214 908 1341 960 causa,
1366 921 1505 961 propter

207 980 315 1018 quam
347 969 389 1005 de
413 966 551 1019 stamma
581 979 689 1003 rerum
716 967 921 1018 Ariovistus
945 967 1116 1005 decernere
1138 966 1299 1020 ficgeret.
1295 969 1314 996 >
1340 983 1416 1006 eam
1441 967 1506 1017 ff

206 1024 426 1070 intellexit,
453 1021 546 1073 quod
572 1030 698 1057 matres
724 1018 894 1070 familias
911 1047 923 1065 ‚
950 1032 1093 1070 quarum
1113 1022 1334 1071 praediblione
1354 1027 1502 1060 multum

211 1085 380 1127 Germani
411 1083 621 1128 utebantur,
640 1090 804 1132 negarent
830 1076 898 1130 fas
927 1078 989 1130 ff
1019 1079 1183 1128 vincere,
1205 1081 1244 1130 fi
1263 1095 1392 1119 novam
1423 1096 1505 1121 ame

207 1147 330 1185 lunam
349 1145 422 1184 acie
443 1141 674 1194 decertaffint.
709 1140 799 1179 Erat
824 1136 883 1176 his
910 1150 955 1176 ea
980 1137 1186 1188 disciplina
1213 1140 1438 1191 divinandi,
1461 1155 1505 1182 ur

211 1222 262 1248 ex
283 1208 492 1248 fluviorum
510 1202 722 1244 vorticibus
737 1232 748 1249 ‚
778 1201 1045 1251 undarumque
1064 1200 1190 1241 sonitu
1211 1202 1340 1242 futura
1359 1203 1397 1243 se
1417 1218 1505 1255 pro-

195 1271 359 1323 ¹spicere
394 1268 674 1309 arbitrarentur.
719 1264 775 1303 Eo
812 1264 936 1314 magis
974 1262 1094 1302 Caesar
1132 1264 1313 1305 incitatus
1345 1266 1426 1315 est,
1461 1274 1505 1306 ut

212 1345 329 1383 quam
354 1328 575 1370 maturrime
597 1325 875 1374 contenderet,
907 1324 974 1364 suo
996 1333 1172 1376 tempore
1197 1325 1348 1375 usurus,
1373 1327 1399 1366 s1
1424 1329 1509 1378 qui-

210 1396 304 1434 dem
326 1405 413 1433 vera
436 1390 613 1430 mulieres
637 1388 834 1434 dicerent3
865 1396 930 1425 aut
956 1385 1090 1425 saltem
1119 1387 1269 1428 facilius
1293 1388 1507 1430 debellatu-

211 1471 275 1498 rus
309 1455 544 1507 impeditum
579 1451 766 1504 religione
802 1449 976 1500 hostem,
1010 1451 1046 1490 δε
1078 1450 1126 1490 de
1149 1450 1306 1491 vic‘toria
1332 1453 1508 1505 despera-

214 1530 256 1556 re
284 1516 439 1566 juffum.

271 1577 465 1621 XXXVI.
504 1576 624 1628 Igitur
649 1574 731 1614 acie
762 1572 967 1621 instructa,
994 1584 1085 1611 cum
1110 1571 1160 1611 ad
1194 1572 1311 1614 castra
1337 1573 1505 1614 hostium

213 1641 460 1688 succederet,
479 1637 612 1677 irritati
632 1637 847 1687 ignominia
870 1635 1050 1675 Germani
1070 1634 1332 1685 processerunt
1353 1638 1389 1676 δε
1410 1637 1476 1688 ipsi
1490 1668 1503 1685 ‚

215 1703 446 1744 nationatim
472 1699 680 1740 distributis
700 1700 834 1750 copiis,
860 1698 997 1738 Praeter
1019 1699 1162 1739 Suevos
1177 1728 1189 1747 ,
1206 1712 1254 1738 ex
1276 1700 1413 1750 quibus
1427 1699 1508 1751 ipse

217 1775 300 1806 erat
314 1796 324 1815 ,
346 1765 648 1806 Marcomannos
672 1763 712 1802 in
728 1762 898 1801 exercitu
921 1761 1128 1801 Ariovistus
1151 1760 1343 1810 habebat,
1363 1764 1399 1802 δι
1420 1764 1510 1804 Tri-

218 1827 364 1867 boceos
402 1827 439 1866 ἃ
471 1825 720 1874 Vangiones,
752 1821 1010 1873 Nemetasque
1037 1833 1082 1861 ac
1109 1822 1286 1863 Harudes
1313 1826 1348 1863 ἃ
1379 1825 1509 1864 Sedu-

221 1890 317 1938 fios3
342 1886 573 1939 ignobiliora
592 1885 746 1936 reliquis
768 1886 927 1923 nomina
941 1915 953 1934 ‚
979 1886 1015 1924 ἃ·
1036 1885 1100 1923 vix
1124 1894 1314 1924 certarum
1337 1885 1511 1937 sedium‚'

221 1953 288 1992 nisi
314 1951 419 2002 quod
442 1949 620 1990 Harudes
645 1949 696 1988 ad
717 1948 846 1988 lacurn
869 1949 1079 1988 Acronium
1095 1979 1106 1996 .,
1132 1948 1272 1998 quibus
1294 1948 1391 1989 locis
1417 1962 1509 1989 con-

221 2014 301 2052 dita
324 2011 540 2052 Constantia
563 2011 639 2058 est,
669 2009 854 2049 habitasse
875 2018 1036 2060 putant3
1066 2008 1263 2057 Sedunos‚
1290 2018 1357 2047 aut
1385 2019 1429 2048 ut
1458 2010 1510 2049 le-

224 2076 260 2125 gi
284 2074 420 2114 volunt
435 2103 444 2121 ,
465 2072 667 2122 Sepufios,
688 2073 737 2111 ad
760 2071 855 2110 fines
881 2072 1088 2110 Nemetum
1110 2071 1146 2107 in
1169 2070 1246 2119 ripa
1269 2070 1411 2109 Rheni.
1430 2070 1509 2109 Cae-

224 2140 303 2184 iar,
331 2149 352 2175 a
387 2136 521 2175 dextro
556 2147 674 2173 cornu
691 2165 704 2180 ‚
731 2133 908 2183 quodibi
935 2131 1229 2171 imbecilliorem
1260 2131 1333 2170 effe
1361 2131 1509 2172 hostem

225 2201 414 2247 senserat,
445 2198 643 2238 commissa
673 2210 832 2249 pugna,
861 2205 965 2236 tanta
1000 2197 1278 2236 Germanorum
1310 2194 1507 2235 alacritate

276 2353 299 2394 ς
323 2351 480 2385 XXXIV.
508 2349 593 2383 Caes.
611 2350 754 2385 Diodor.
782 2350 870 2384 Flex.
902 2349 924 2395 S
947 2348 1091 2385 XXXV.
1118 2347 1203 2382 Caes.
1226 2348 1368 2382 Diodor.
1395 2347 1514 2383 front-

229 2406 333 2440 Srtat.
359 2416 402 2448 2,
426 2408 459 2438 6.
482 2405 628 2447 Appiam
