1675 2959
264 140 346 188 1N
393 139 866 188 tonnam(
916 139 1064 185 LIV.
1249 156 1336 202 345

123 245 198 287 LV.
217 246 300 284 Hos
315 245 449 291 videre,
473 243 530 282 his
544 243 742 296 fitpplicare
757 272 768 291 ‚
787 244 1066 298 Transpadanus
1080 243 1257 296 quistinam
1275 257 1343 296 po·-

67 308 177 347 terit?
195 307 280 345 Hoc
299 320 338 343 ne
358 304 520 357 conjuges
534 306 667 357 quidem
683 305 846 357 liberique
861 307 962 359 nostri
977 305 1114 353 velint,·
1131 307 1172 342 ob
1185 319 1259 357 quae
1283 321 1348 344 no-

69 370 165 406 mina
189 364 389 420 quandoque
413 367 587 418 confilium
602 379 799 415 mutarunt,
825 369 884 420 qui
904 369 944 406 de
957 367 998 420 J}
1018 369 1247 406 decreverant.
1272 367 1347 404 Pro

73 431 206 483 Caefizre
222 431 330 483 perire
348 444 463 469 onmes
476 441 612 482 optent,
625 444 726 482 quam
741 431 799 468 vel
809 443 948 482 regnare
962 444 1036 469 cum
1057 428 1164 482 hujus
1177 429 1344 466 inimicis.

69 492 141 529 Sed
157 505 264 543 neque
276 492 313 529 in
327 506 366 530 eo
382 506 433 530 res
449 493 514 545 est5
538 492 622 543 quin
641 493 756 530 omnia
771 492 856 543 sunt
873 493 908 530 in
923 493 1086 545 potestate
1109 491 1279 544 Caesaris,
1295 491 1345 536 ὃν,

59 555 100 605 fi
119 554 209 592 lzuizc
233 552 454 607 offindimus,
476 553 532 591 illi
549 554 729 605 perierunt.
751 554 810 592 Sic
831 555 945 591 eadem
968 556 1029 591 via
1043 583 1054 601 ,
1081 567 1154 605 quae
1179 552 1278 590 nobis
1300 551 1350 589 ad

64 616 214 668 gloriam
238 617 273 654 G·
292 616 478 654 libertatem
498 627 599 667 patet
613 644 624 662 ,
643 631 667 654 a
688 616 832 654 civitate
850 617 960 668 nostra
968 615 1104 667 fizmam
1121 614 1347 668 proditionis,

66 676 156 714 iram
184 677 346 725 vilioris,
366 689 489 716 metum
506 707 516 726 ‚
535 677 745 730 periculum,
771 677 903 716 cladem
925 679 1114 716 avertimus
1129 708 1140 725 ‚
1166 676 1347 729 Caesarem-

23 748 25 751 ’
66 752 131 789 que
166 739 274 790 magis
299 738 405 776 etiam
426 739 456 776 ei
482 738 719 777 conciliamus.
749 739 849 792 cujus
885 742 1036 793 equidem
1065 741 1150 792 quia
1178 736 1348 788 notiffima

68 799 171 836 nobis
196 800 241 852 est
265 800 460 838 liberalitas
471 829 482 848 ,
498 800 576 852 quis
590 800 750 852 futurum
768 801 941 852 ambigat,
957 802 1040 854 quin
1055 802 1089 840 δ’
1104 815 1166 839 1205
1183 800 1242 838 ille
1266 800 1347 837 lau-

67 860 145 905 det,
173 861 207 898 6³
232 861 272 898 ob
292 861 435 913 nostrum
456 860 591 912 fabium
613 862 778 914 universae
798 862 894 914 genti
921 862 1068 915 pretium
1099 862 1241 899 tribuat.
1264 860 1348 899 Nec

68 918 207 959 fefellit
242 932 331 959 eum
368 921 528 960 animus.
576 921 719 971 quippe
756 921 904 969 Caesar,
939 921 1005 961 ubi
1037 930 1192 972 propter
1223 920 1348 971 ipsum

68 980 175 1020 mille
197 982 345 1021 circiter
368 982 616 1034 Opiterginos
631 1014 642 1030 ‚
661 992 703 1022 ut
725 983 843 1022 fidem
863 984 897 1022 ei
915 983 1103 1023 servarent
1116 1012 1127 1030 ,
1149 983 1188 1021 in
1208 983 1345 1021 eadem

68 1048 148 1079 rate
180 1042 322 1081 mutuis
358 1041 577 1082 vulneribus
609 1042 816 1082 concidisse
849 1043 1008 1091 didicit3
1050 1042 1265 1094 priusquam
1299 1042 1348 1080 ab

68 1102 165 1142 urbe
191 1103 511 1154 proficisceretur,
541 1117 619 1143 non
646 1104 701 1143 illi
723 1105 847 1145 solum
868 1107 1038 1156 oppido,
1071 1106 1136 1145 sed
1167 1104 1350 1144 omnibus

69 1163 228 1202 omnino
255 1165 534 1215 Transpadanis
560 1166 752 1204 civitatem
783 1167 995 1206 Romanam
1019 1168 1138 1206 dedit.

124 1226 217 1266 LVI.
237 1226 319 1276 Caji
341 1227 482 1266 deinde
502 1228 678 1267 Curionis
695 1228 890 1268 referenda
912 1229 1038 1268 clades
1058 1229 1133 1275 est,
1156 1227 1224 1267 sub
1245 1227 1352 1265 idem

69 1296 220 1338 tempus
250 1289 288 1327 in
323 1289 452 1328 Africa
485 1289 611 1328 occisi.
648 1290 723 1330 Sed
756 1290 811 1329 illi
839 1291 992 1340 quidem
1023 1290 1207 1339 principia
1235 1289 1350 1327 nimis

70 1350 156 1390 laeta
169 1351 337 1391 fuerunt.
357 1353 529 1402 Recepta
547 1353 621 1392 fine
638 1354 844 1393 certamine
859 1353 1008 1402 Sicilia,
1028 1354 1118 1393 slCUt
1140 1352 1252 1399 iussus
1269 1359 1350 1390 erat

70 1425 91 1451 a
113 1412 278 1461 Caesare,
304 1414 342 1451 in
374 1413 539 1452 Africam
571 1415 767 1462 transjecit
786 1414 965 1463 legiones.
1004 1414 1239 1454 Provinciam
1262 1424 1349 1451 eam

67 1473 244 1512 obtinere
269 1474 310 1514 L.
335 1474 490 1514 Tubero
516 1475 718 1520 debuerat,
750 1488 798 1514 ex
820 1474 1143 1514 senatusconsulto
1173 1473 1347 1513 sortitus:

65 1534 132 1574 sed
162 1535 230 1574 illo
259 1538 489 1584 cunctante,
524 1535 563 1576 P.
587 1537 710 1576 Attius
744 1537 887 1584 Varus,
924 1537 989 1585 qui
1022 1536 1184 1575 Auximo
1217 1533 1350 1584 profu-

68 1599 174 1648 giens
204 1599 358 1641 Uticam
393 1608 636 1648 pervenerat,
671 1597 837 1637 clamore
866 1597 1122 1637 multitudinis
1149 1597 1198 1636 ad
1224 1595 1260 1634 se
1282 1595 1350 1634 de-

69 1659 188 1699 latum
206 1660 409 1710 imperium
431 1661 605 1711 arripuit3
624 1660 944 1710 Tuberonemque
960 1661 1177 1700 venientem
1192 1689 1202 1706 ‚
1218 1670 1348 1708 quam-

69 1732 183 1768 quam
212 1722 423 1760 earundem
452 1722 618 1771 partium
645 1720 758 1768 effer,
791 1720 947 1759 exclusit
977 1720 1198 1770 provincia,
1232 1731 1278 1756 ne
1304 1717 1348 1755 fi-

68 1779 163 1820 lium
184 1783 339 1832 quidem
357 1782 576 1822 valetudine
595 1781 772 1821 affectum
795 1795 1013 1831 exponere,
1039 1781 1102 1820 sed
1124 1793 1194 1819 nec
1209 1791 1348 1829 aquam

68 1842 218 1882 haurire
252 1845 384 1894 paffus.
425 1846 544 1894 Atque
572 1845 637 1883 iste
664 1845 820 1894 quidem
845 1845 961 1883 Varus
993 1843 1228 1894 provinciam
1260 1854 1346 1880 eam

65 1906 170 1956 prius
195 1919 243 1946 ex
268 1918 427 1957 praetura
461 1906 707 1946 obtinuerat:
734 1920 809 1957 quo
834 1906 984 1946 facilius
1009 1907 1041 1944 ei
1069 1906 1163 1953 fuit,
1189 1913 1346 1955 propter

67 1967 272 2007 hominum
308 1969 561 2019 locorumque
597 1969 793 2018 notitiam,
833 1968 1001 2008 delectus
1035 1981 1170 2019 agere,
1200 1970 1235 2007 a&
1269 1966 1344 2005 alia

66 2032 219 2070 tuendae
247 2033 452 2081 provincize
476 2045 618 2082 parare.
647 2032 766 2082 Igitur
793 2032 887 2071 duas
911 2034 989 2081 jam
1029 2031 1197 2082 legiones
1224 2029 1343 2068 habe-

66 2092 131 2131 bat
162 2092 229 2132 sub
255 2093 390 2144 signis:
427 2107 500 2132 nec
526 2095 651 2133 minus
686 2094 896 2144 reponebat
920 2095 996 2142 spei
1021 2096 1061 2132 in
1092 2094 1216 2133 Mauri
1243 2093 1344 2142 regis

65 2155 258 2202 amicitia,
278 2156 336 2193 cui
360 2154 585 2195 transditum
613 2169 632 2194 a
651 2165 756 2206 patre
788 2155 1008 2205 Hiempsale
1029 2164 1107 2193 erat
1132 2152 1342 2203 hospitium

64 2227 154 2254 cum
183 2216 388 2266 Pompejo,
419 2219 453 2256 ἃ
483 2219 651 2257 maxima
679 2230 766 2257 cum
795 2217 960 2257 Curione
989 2204 1177 2263 finiustas,
1214 2215 1276 2265 qui
1301 2215 1340 2253 in

66 2276 260 2316 tribunatu
285 2277 410 2329 legem
433 2281 474 2317 de
496 2281 709 2332 publicando
731 2279 829 2319 Iuba:
853 2293 953 2332 regno
981 2278 1249 2328 publicaverat.

114 2398 134 2441 5
163 2399 232 2432 LV.
254 2400 327 2432 Liv.
353 2402 400 2443 Ep
405 2402 431 2433 it
436 2402 544 2435 .Dio.
570 2403 589 2444 S
611 2402 792 2434 LV1.D10.
819 2398 1114 2434 Sueton.1nL1>i
1134 2411 1164 2430 c.
1187 2399 1238 2432 26.
1255 2398 1326 2439 Ana

64 2442 156 2492 piar..
176 2444 260 2479 Caes.
281 2445 353 2480 Cic.
376 2447 564 2492 Ρῐοὶέὸεικ.
588 2459 617 2482 c
632 2457 666 2488 7.
689 2445 791 2482 Oroi.
815 2446 834 2479 6
851 2457 937 2488 15,
966 2445 1042 2478 Liv.
1068 2444 1160 2486 ῑῑῑιίτ.
