1675 2959
305 148 384 195 IN
422 146 586 195 LOC.
618 148 747 221 LIB.
787 148 891 195 CIV
932 149 1069 196 LIV.
1272 167 1355 212 171
1398 165 1400 167 ’

72 255 229 319 'finum
240 255 277 293 ἱη
310 256 376 295 hos
398 256 562 309 probris,
591 257 731 307 ideoque
768 272 829 295 nec
865 257 909 295 ab
936 257 1070 295 artflore
1101 256 1239 296 editum
1263 257 1364 299 Cum

78 306 266 369 Ροηψέᾖο
293 318 441 358 meliori
465 319 542 358 fide
565 319 735 360 reversus
753 321 837 359 est
828 333 868 359 m
893 320 1081 370 gratiam,
1098 321 1156 367 ἃ,
1180 331 1227 358 ne
1241 320 1368 369 poeni-

79 386 161 418 tere
191 392 279 419 eum
309 379 382 418 suae
411 379 619 419 voluntatis
644 379 791 431 posset,
816 380 940 419 statim
970 378 1202 418 beneficium
1229 379 1366 418 1eddi-

83 441 167 489 dit,
193 441 322 481 senatu
352 443 536 490 inducto,
565 453 608 482 ut
633 443 667 482 ei
689 458 752 496 per
777 443 1048 495 quinquennium
1079 455 1229 479 annonae
1257 455 1367 489 cum,

80 507 168 544 Sex.
194 506 318 544 Clodio
340 506 491 558 improbo
510 508 545 545 δ’
560 506 781 556 audaciffi'mo
807 506 938 544 ,bomini
961 516 1073 557 erepta
1087 534 1098 552 ,
1114 504 1370 544 mandaretur-

135 565 215 606 LII.
248 567 397 617 Ingenti
421 568 522 605 enim
554 567 686 606 urbem
713 576 911 618 premente
938 567 1064 614 fame,
1093 566 1202 617 plebs
1227 565 1368 607 insanis

79 629 312 669 tumultibus
343 631 542 671 fremebat.
570 631 613 670 Et
633 632 799 681 primum
823 628 1107 680 Apollinaribus
1130 629 1253 677 ludis,
1271 641 1368 679 quos

76 688 121 730 L.
151 691 324 730 Caecilius
357 692 476 731 Rufus
504 701 638 741 praetor
661 692 849 740 faciebat,
878 701 983 731 tanta
1017 692 1158 731 infimae
1188 691 1371 730 multitu-

82 753 182 791 dinis
210 753 447 792 concursatio
474 755 570 800 fuit,
591 764 635 793 ut
658 767 815 802 omnes,
834 754 899 804 qui
924 753 1119 805 spectandi
1145 754 1262 804 gratia
1277 764 1368 791 con-

78 812 280 863 sederant,
302 815 453 854 theatro
477 815 722 866 pelleruntur.
754 816 902 855 Deinde
922 815 960 853 in
983 814 1225 865 Capitolium
1240 845 1253 862 ,
1275 827 1367 854 cum

80 876 137 916 ibi
170 877 319 916 senatus
345 877 549 917 haberetur
569 908 579 926 ,
606 877 812 916 concursus
842 877 963 916 faetus
989 878 1183 916 incendium
1213 877 1338 930 tempto
1352 906 1369 925 ‚¹

81 951 193 975 necem
211 940 354 991 senatui
386 939 656 977 minitantium.
696 938 800 978 Inter
826 950 911 976 eam
936 938 1281 976 consternationem
1301 952 1370 977 au-

82 1000 165 1038 Gor
193 999 363 1038 Patribus
389 1000 522 1039 Cicero
552 1000 649 1049 fuit,
682 999 850 1053 Pompejo
878 1014 993 1038 curam
1022 999 1121 1037 illam
1153 998 1373 1038 decernendi.

80 1059 351 1111 proconsulare
371 1060 575 1111 imperium
600 1075 669 1112 per
692 1061 842 1102 Italiam
866 1060 1075 1111 omnesque
1097 1069 1234 1107 terras,
1257 1059 1370 1110 quale

81 1122 187 1172 prius
203 1122 362 1172 piratico
380 1122 482 1161 bello
505 1131 700 1171 tenuerat,
720 1124 865 1163 datum.
894 1124 1118 1173 Pompejus,
1132 1131 1290 1172 accepta
1303 1133 1372 1160 eu-

85 1184 257 1232 ratione,
275 1183 410 1235 legatos
431 1183 638 1234 postulavit
660 1185 877 1237 quindecim,
892 1185 955 1224 6³
942 1199 980 1221 m
1003 1184 1060 1221 lzis
1070 1183 1260 1236 principem
1276 1184 1372 1223 CJce-

86 1259 211 1283 ronem.
242 1244 382 1295 quibus
409 1244 543 1294 paffim
570 1257 637 1295 per
662 1245 879 1295 provincias
905 1242 1086 1292 dimissis,
1109 1243 1149 1282 in
1175 1242 1329 1308 Siciliai.
1320 1256 1369 1292 ῑ,

87 1306 332 1356 Sardiniam,
350 1308 385 1346 ἅ
404 1307 572 1345 Africam
600 1306 680 1357 ipse
706 1307 909 1357 navigavit.

139 1364 240 1406 LHI.
278 1367 373 1405 Inde
405 1379 493 1406 cum
528 1368 670 1407 onustis
698 1368 860 1408 navibus
892 1367 1133 1416 reversurus,
1155 1366 1253 1406 inter
1275 1379 1372 1405 cun-

84 1428 295 1469 &ationem
318 1428 642 1479 gubernatorum,
669 1431 733 1480 qui
760 1430 1027 1481 tempestatem
1055 1428 1267 1476 timebant,
1293 1429 1373 1478 pri-

83 1503 186 1538 mus,
204 1490 411 1529 conscenso
431 1491 605 1542 navigio,
627 1490 772 1530 solvere
789 1490 893 1540 juffit
906 1521 917 1539 ‚
935 1489 1167 1530 nobilissima
1183 1503 1279 1530 voce
1293 1489 1374 1528 edi-

82 1557 148 1600 ta,
183 1555 353 1607 navigare
383 1555 544 1608 neceffizm
571 1554 661 1607 ff,
686 1555 802 1592 vivere
831 1569 900 1592 nott
926 1554 987 1607 effi
1008 1554 1180 1607 neceffitm.
1207 1552 1376 1593 Absente

81 1614 268 1665 Pompejo
288 1645 299 1664 ,
326 1627 414 1655 cum
447 1616 700 1656 nihilominus
731 1613 892 1656 ferveret
916 1614 1080 1656 Milonis
1107 1623 1220 1665 atque
1244 1613 1374 1654 Clodii

84 1678 283 1718 contentio
301 1711 311 1728 ,
336 1678 540 1729 civitasque
564 1681 600 1719 ἃ
621 1678 772 1719 serratus
797 1679 836 1717 in
863 1687 986 1729 partes
1011 1677 1293 1726 scinderentur,
1319 1691 1376 1717 re·

84 1736 235 1779 ferente
265 1741 302 1780 P.
326 1733 479 1781 Rutilio
512 1741 649 1792 Lupo,
680 1741 745 1792 qui
779 1754 912 1781 recens
942 1741 1178 1780 tribunatum
1207 1741 1343 1779 inierat
1362 1770 1375 1788 ,

83 1801 343 1852 frequentiore
371 1803 501 1852 curia,
530 1817 645 1854 quarn
673 1803 803 1843 mense
836 1803 1041 1843 Decembri
1065 1802 1132 1842 sub
1156 1803 1236 1841 dies
1262 1803 1375 1842 festos

83 1865 213 1915 putari
233 1864 439 1915 potuisset,
462 1867 510 1905 de
535 1866 687 1916 judiciis
710 1867 893 1917 agitatum
918 1866 980 1905 est.
1004 1864 1254 1906 Marcellinus
1283 1877 1375 1904 con-

85 1925 145 1965 sul
183 1927 398 1977 defignatus
433 1926 660 1967 sententiam
702 1928 835 1977 dixit,
872 1928 926 1966 uti
953 1939 1081 1980 praetor
1115 1927 1269 1965 urbanus
1303 1928 1377 1980 ipse

78 1987 265 2040 Jbrtiretur
281 1988 423 2041 judices
438 2004 449 2027 .·
465 1988 626 2042 judicum
641 1989 829 2043 sortitione
846 1989 969 2041 fafla,
994 1989 1135 2030 comitia
1158 1988 1373 2028 haberemur.

87 2049 137 2091 Id
161 2063 249 2090 cum
276 2051 525 2102 probaretur,
555 2051 597 2090 C.
628 2051 724 2091 Cato
740 2082 752 2101 ,
778 2051 820 2091 C.
847 2050 990 2091 Caffius
1006 2081 1017 2098 ‚
1043 2048 1210 2097 tribuni,
1234 2049 1376 2088 comitia

84 2112 188 2166 prius
213 2113 396 2159 habenda,
427 2113 722 2152 contenderunt.
755 2113 850 2152 Haec
877 2111 1063 2151 sententia
1088 2109 1207 2150 vicit:
1240 2111 1275 2149 δε
1305 2122 1378 2148 co-

89 2172 226 2221 mitia,
253 2186 333 2212 non
366 2173 443 2212 fine
478 2175 652 2213 maximis
682 2172 976 2220 certaminibus,
1009 2171 1269 2211 obnuntiante
1294 2172 1378 2211 Mi⁸

90 2232 204 2283 lone,
239 2235 432 2285 perfecta,
460 2235 692 2286 Clodiusque
720 2235 842 2276 aedilis
870 2234 1010 2274 curulis
1035 2234 1158 2273 fanus
1189 2233 1251 2272 est.

107 2310 109 2312 ·
142 2295 240 2337 LIV.
270 2296 373 2337 Dum
399 2297 482 2337 haec
513 2299 553 2345 in
580 2298 673 2337 urbe
695 2297 818 2346 fiunt,
841 2297 883 2339 C.
903 2296 1024 2337 Caesar
1046 2295 1302 2347 gravissimum
1332 2295 1375 2333 in

134 2413 190 2447 LI.
212 2413 288 2455 Cic
308 2415 348 2447 ad
369 2416 478 2449 Attic.
493 2427 538 2456 4,
561 2428 590 2449 x.
610 2416 702 2450 Plus.
731 2416 752 2459 5
779 2415 848 2447 Lu.
866 2414 991 2452 Ascon.
1010 2415 1044 2446 in
1063 2414 1187 2445 Milon.
1215 2411 1289 2444 Cic.
1309 2422 1373 2455 pro

90 2444 181 2500 dom.
212 2469 241 2491 c.
269 2471 302 2503 7.
332 2459 421 2494 Plut.
450 2461 575 2506 apoph.
604 2460 702 2495 Rom.
731 2460 869 2506 §Lm
896 2460 967 2494 Cic.
987 2459 1028 2497 ad
1054 2457 1098 2502 Q.
1119 2458 1329 2500 frrat.2‚1.
