1675 2959
235 137 312 184 IN
357 131 523 181 Loc.
570 130 700 180 ma.
745 128 852 174 cxi
897 88 1041 175 ων.
1214 130 1302 193 383

34 243 232 286 Domitium
270 255 359 281 cum
395 237 646 288 quadraginta
683 233 932 273 cohortibus:
979 231 1057 283 ipse
1092 232 1131 272 in
1172 234 1308 275 dextro

36 306 105 345 suo
136 318 255 345 cornu
282 301 517 347 versabatur,
544 307 586 338 ut
609 298 795 347 Pompejo
821 295 858 334 se
878 304 1103 345 opponeret.
1128 295 1310 348 Legiona-

36 369 114 406 rios
136 368 174 408 in
202 367 324 406 aciem
352 363 516 402 deduxit
545 359 759 408 universos,
787 357 905 397 millia
930 357 1078 396 circiter
1099 358 1175 396 duo
1203 360 1237 397 ἃ
1260 360 1314 397 vi.

11 428 156 480 “ginti,
195 428 299 467 mille
334 426 490 476 equites.
521 424 720 481 nfflim
755 421 968 470 exspectare
995 418 1163 462 militum
1200 420 1314 461 ardor

33 490 255 541 patiebatur
285 489 336 538 Q
360 486 637 532 Cornificium,
663 485 729 534 qui
757 485 849 522 duas
875 480 1092 521 adducebat
1116 481 1315 533 legiones;

35 561 103 590 aut
122 551 271 590 Fufium
299 545 511 596 Calenum,
537 548 602 597 qui
626 559 713 584 cum
729 543 958 584 cohortibus
984 545 1203 595 quindecim
1234 555 1316 586 erat

35 613 75 652 in
99 615 232 653 Attica.
258 614 326 653 Hae
354 611 485 650 civiles
499 579 681 659 ²utrinque
702 611 800 646 vires
821 607 950 646 fuere:
988 607 1221 647 auxiliorum
1247 621 1316 648 nu-

37 686 164 714 merus
202 673 365 723 amplior
406 672 566 720 utique,
601 669 667 707 sed
700 667 1006 707 varie-traditus,
1050 669 1167 705 Haud
1199 668 1318 706 minus

32 734 183 774 trec'ema
204 735 319 773 millia
343 732 510 787 pugnaffi
527 730 682 782 quidam
697 759 710 777 ,
734 729 798 779 qui
824 727 1060 779 plurimum,
1084 730 1330 781 quadringen-·

18 810 76 846 ‚ta
98 805 265 847 ponunt

91 859 228 898 LXIV.
246 858 320 897 Sed
336 857 476 905 Caesar,
493 852 754 895 animadverso
771 849 944 901 Pompeii
963 849 1139 899 confilio,
1156 864 1206 890 ne
1226 852 1318 892 dex-

35 928 138 960 trum
163 920 270 958 suum
297 932 414 958 cornu
439 917 774 958 circumveniretur
795 922 992 961 metuens,
1011 926 1058 951 ex
1084 914 1193 952 tertia
1215 915 1317 964 acie,

28 973 102 1021 >ubi
137 981 332 1020 Domitius
359 980 543 1028 curabat,
568 977 739 1017 celeriter
766 976 831 1042 [εξ
857 975 1036 1014 cohortes
1062 975 1254 1025 detraxit,
1279 978 1317 1016 δε

37 1058 83 1084 ex
115 1045 172 1083 his
203 1054 374 1095 quartam
403 1044 577 1083 instruxit
599 1043 723 1081 aciem
751 1041 798 1079 ad
821 1052 877 1079 res
899 1038 1053 1078 subitas.
1094 1038 1245 1078 Ibidem
1280 1043 1321 1081 δε

37 1106 184 1156 equites
213 1106 299 1145 {uos
330 1106 489 1151 locavit,
526 1104 614 1155 quia
650 1102 831 1142 finistrum
862 1114 981 1140 cornu
1012 1100 1215 1151 paludibus
1252 1116 1321 1152 ap-

39 1167 226 1217 plicatum
254 1166 330 1205 hoc
362 1166 531 1217 praefidio
559 1164 758 1214 indigebat
787 1163 933 1209 minus,
956 1163 991 1201 &
1015 1161 1184 1201 delectos
1211 1165 1321 1213 pedi..

35 1236 122 1275 ⁴teS,
164 1229 374 1267 Germanos
404 1228 602 1275 maxime,
628 1225 702 1276 qui>
720 1224 888 1275 proeliari
923 1224 1022 1262 inter
1047 1224 1194 1273 equites
1226 1237 1322 1263 con-

37 1290 248 1330 sueverant.
302 1289 370 1328 His
406 1289 518 1327 rebus
551 1288 728 1338 utrinque
763 1287 926 1337 paratis,
963 1286 1193 1324 cohortandi
1233 1286 1320 1326 suos

37 1351 212 1393 materies
237 1348 529 1400 imperatoribus
561 1349 720 1387 minime
743 1348 891 1387 defuit:
926 1348 990 1386 vix
1016 1347 1119 1386 enim
1148 1360 1320 1398 unquam

40 1413 154 1453 tantis
181 1411 291 1450 rebus
318 1411 445 1461 gestis,
465 1419 646 1460 tantaque
673 1408 761 1448 belli
786 1408 903 1460 gloria
934 1421 1001 1458 par
1024 1408 1127 1447 aliud
1156 1420 1322 1449 concut-

38 1478 89 1514 rit
110 1473 289 1513 nobilius.
321 1473 525 1523 Pompejus
552 1474 683 1522 primae
716 1472 834 1510 aetatis
862 1472 1026 1518 decora,
1052 1472 1085 1510 ἆ
1109 1471 1322 1521 triumpha.

39 1538 117 1577 lem
149 1536 452 1576 adolescentiam
487 1535 673 1575 Africanis
713 1533 963 1584 Hispanisque
1000 1532 1111 1573 bellis
1144 1534 1321 1584 praefere-

38 1600 132 1640 bat:
152 1600 244 1637 inde
272 1598 459 1636 maximos
486 1603 614 1653 reges,
640 1595 885 1635 ferocissimas
913 1604 1043 1646 gentes
1071 1596 1258 1644 domitas,
1284 1597 1322 1635 Sc

40 1661 238 1700 Orientem
262 1658 453 1706 adjectum
473 1656 919 1708 imperio,·Romanique
939 1655 1072 1706 populi
1090 1656 1187 1696 vires
1211 1657 1324 1704 unius

38 1722 321 1769 duetusatque
346 1732 420 1757 una
449 1718 695 1768 expeditione
726 1716 970 1771 duplicatas.¹
994 1718 1130 1768 Neque
1163 1708 1322 1758 minoris

39 1795 122 1824 erat
146 1796 193 1823 ex
221 1790 326 1833 parre
353 1781 529 1828 Caesaris,
559 1793 689 1820 recens
714 1780 913 1820 Britanniae
944 1780 1226 1831 Galliarumque
1254 1784 1321 1822 de·

41 1849 228 1886 vietarum
269 1845 415 1896 gloria:
460 1857 620 1895 quarum
653 1843 852 1883 nationum
881 1844 1000 1882 altera
1026 1843 1176 1894 prorsus
1214 1845 1321 1884 inac->

44 1908 142 1947 cessa
171 1916 285 1957 atque
310 1907 507 1956 incognita
532 1905 761 1955 majoribus,
784 1904 898 1944 altera
924 1907 1093 1944 maximo
1119 1917 1325 1957 perpetuo⁶

41 1983 116 2020 que
142 1970 274 2008 terrori
298 1967 444 2007 fuiffet:
474 1970 509 2007 ἃ
533 1968 668 2007 eadem
694 1966 823 2006 adhuc
849 1980 973 2015 arma,
999 1968 1133 2007 eadem
1160 1979 1323 2020 corpora,

0 2041 5 2047 ’
40 2030 256 2077 retinebat,
281 2029 420 2079 quibus
444 2037 558 2068 tantae
580 2038 737 2081 patratae
762 2041 820 2067 res
845 2027 1008 2068 fuerant.

99 2092 217 2132 LXV.
243 2092 438 2131 Steterunt
463 2101 593 2130 tamen
621 2091 858 2142 aliquamdiu
881 2090 1015 2140 quietae
1037 2091 1159 2140 acies,
1183 2098 1321 2131 mutuo

41 2143 150 2193 rnetu
168 2182 178 2200 ,
206 2165 255 2190 an
289 2153 376 2201 quia
407 2152 649 2202 quantumvis
678 2160 826 2190 atroces
853 2151 999 2190 animos
1032 2153 1158 2201 pudor
1197 2154 1231 2191 ἃ
1257 2162 1322 2191 tae-

43 2216 149 2254 dium
188 2214 376 2253 fundendi
408 2224 616 2264 cognatum
650 2213 872 2263 sanguinem
907 2213 1102 2253 invaserat.
1141 2213 1322 2253 Tandem

0 2291 2 2293 ·
40 2291 170 2330 pugna
199 2279 317 2329 coepit
353 2292 374 2317 a
400 2278 554 2318 Crastini
591 2277 823 2318 centurionis
856 2278 1028 2328 impetu,
1063 2278 1130 2328 qui
1161 2278 1320 2316 concio-

92 2400 114 2442 ς
137 2400 257 2432 LXIII.
285 2399 369 2432 Caes
395 2399 484 2432 Plut.
513 2400 548 2432 in
574 2400 654 2433 Ant.
673 2412 703 2434 c
735 2411 786 2435 ιι.
815 2399 958 2444 Appiam.
986 2396 1322 2442 §LX1V.Appian

46 2443 136 2479 flor.
160 2457 200 2487 4,
222 2456 253 2477 2.
283 2444 502 2477 Cae1.Fron't
527 2444 605 2477 Dio
