1675 2959
305 87 384 138 IN
429 87 594 136 Loc.
641 83 770 132 ΜΒ.
816 83 962 130 cvm
1008 81 1151 126 LIV.
1294 93 1408 139 275⁴

107 197 185 238 mio
211 196 391 237 Atrebate
412 192 618 245 praecipuis
645 190 830 238 ducibus3
865 189 901 228 δε
930 186 1060 226 locum
1094 182 1297 235 paludibus
1330 181 1386 221 sil

104 260 232 310 visque
252 259 467 306 munitum,
482 259 517 296 δε
532 256 577 294 ad
591 254 721 293 omnia
740 259 1024 305 opportunum,
1044 247 1167 286 castris
1187 252 1389 294 ceperunt

105 320 190 360 Hos
217 328 261 359 ut
287 319 335 357 ad
359 315 611 368 pugnandum
645 307 800 352 eliceret
825 309 969 357 Caesar,
995 316 1084 346 cum
1117 314 1280 356 quatuor
1305 313 1388 342 tan-

106 389 217 425 tum,
243 378 307 417 sed
343 376 517 428 speetatae
552 374 700 414 virtutis
730 370 946 424 legionibus
977 370 1017 408 in
1045 368 1292 417 conspeerum
1325 378 1392 404 ve-

106 441 174 481 nit.
199 439 348 479 Deinde
378 451 467 477 cum
496 437 553 476 illi
585 434 835 474 nihilominus
862 432 949 471 loco
975 430 1013 470 se
1039 430 1107 469 suo
1130 437 1327 475 tenerent,
1354 430 1391 467 Sc

104 510 240 552 praetet
270 501 369 540 levia
402 498 610 539 certamina
638 496 746 534 fieret
767 493 890 541 nihi13
917 494 1004 543 quia
1029 505 1154 558 neque
1182 491 1298 531 castra
1321 490 1390 529 ho-

105 563 221 602 stium
255 563 473 614 oppugnari
498 560 574 599 sme
602 559 774 597 maximo
796 555 994 606 periculo
1028 567 1154 604 neque
1182 555 1394 592 circumve-

108 626 185 664 niri
215 637 237 663 a
264 632 342 662 tam
365 621 496 672 paucis
521 625 718 671 poterant,
748 617 789 656 C.
815 616 1056 656 Trebonium
1087 626 1175 654 cum
1200 613 1319 653 tribus
1339 613 1394 652 le·

109 685 288 737 gionibus
310 682 477 728 arceffit3
504 680 765 731 magriumque
790 677 980 716 sociorum
1001 678 1216 726 equitatum
1234 685 1393 724 evocat,

113 759 227 796 quem
259 742 545 795 pabulatoribus
569 739 738 792 praefidio
763 739 941 777 mitteret.
1265 770 1269 772 t

169 798 281 849 XIII.
308 809 361 848 Ex
386 820 431 846 eo
450 818 614 844 'numero
642 803 810 850 Rhemi‚
832 801 1124 841 Bellovacorum
1156 800 1298 839 insidiis
1325 801 1398 840 cira

113 871 339 920 cumventi3
374 868 635 909 Vertisconem
673 865 888 916 principem
923 864 1114 910 civitatis,
1152 865 1396 914 eundemque

112 934 336 985 praefectum
360 934 532 983 equitum
549 961 560 978 ‚
577 943 666 970 cum
684 940 821 978 magna
847 926 1097 965 multitudine
1122 924 1276 964 suorum
1305 926 1402 964 ami.

113 994 262 1034 serunt.'
278 993 606 1034 Viciffim..tamen
625 989 817 1030 Bellovaci
843 1002 864 1027 a
888 987 1085 1027 Germanis
1110 986 1300 1035 equitibus
1326 987 1400 1025 fust-

113 1056 315 1102 fugatique
332 1087 342 1098 .
379 1068 469 1103 cum
494 1054 609 1092 etiam
640 1052 823 1090 accedere
849 1061 939 1088 cum
959 1049 1066 1087 novis
1090 1045 1208 1094 copiis
1234 1045 1274 1084 C.
1302 1046 1400 1085 Trea

114 1110 277 1150 bonium
301 1111 469 1160 legatum
494 1112 783 1159 cognovissent,
804 1111 995 1156 trepidare
1025 1116 1249 1156 coeperunt:
1283 1109 1319 1145 δε
1349 1119 1399 1146 ne
1454 1099 1465 1105 χ

115 1185 194 1212 uno
220 1171 308 1210 loco
338 1171 484 1210 inclusa
511 1168 801 1208 innumerabilis
835 1160 1041 1207 multitudo
1074 1168 1177 1206 fame
1206 1169 1403 1218 interiret,

118 1234 309 1285 quidquid
339 1240 474 1280 aetate,
496 1239 560 1270 aut
582 1229 748 1276 viribus,
775 1228 909 1267 fessum
924 1259 936 1276 ‚
958 1240 1023 1268 aut
1046 1231 1159 1269 armis
1187 1243 1317 1280 parum
1346 1231 1406 1269 in-

108 1297 299 1343 „struetum
335 1296 491 1341 aderat,
526 1304 615 1331 cum
649 1300 756 1342 parte
788 1291 1160 1341 impedimentorum
1195 1294 1406 1332 statuerunt

121 1358 326 1399 dimittere.
350 1356 426 1397 Sed
448 1354 592 1400 Caesar,
608 1352 871 1393 animadverso
887 1352 1053 1392 hostium
1076 1354 1254 1402 consilio,
1279 1356 1326 1394 ad
1352 1356 1409 1395 in.

120 1417 357 1468 sequendum
377 1416 414 1454 se
444 1414 617 1466 parabat.
653 1413 747 1452 huic
770 1415 823 1452 rei
846 1424 889 1452 ut
912 1427 1060 1453 moram
1087 1415 1264 1456 afferrent
1285 1417 1404 1466 Galli,

121 1480 377 1529 tutioremque
399 1477 472 1517 suis
494 1475 696 1516 discefl'um
720 1475 956 1526 praeberent,
979 1476 1174 1517 instructas
1200 1480 1236 1518 δε
1257 1478 1324 1528 ipsi
1345 1490 1411 1518 co.

124 1540 206 1591 pias
230 1552 298 1589 pro
334 1538 458 1577 castris
484 1537 740 1576 ostenderunt.

178 1600 288 1640 XIV.
329 1598 479 1638 Idcirco
513 1596 657 1645 Caesar,
686 1609 754 1646 per
785 1595 956 1635 difficilia
985 1595 1071 1636 loca
1099 1597 1175 1637 suis
1207 1599 1246 1636 in
1273 1600 1412 1650 jugum

124 1662 270 1701 montis
296 1659 549 1706 transductis,
577 1659 680 1698 unde
705 1657 781 1697 tela
807 1666 1088 1699 tormentorum
1120 1661 1334 1711 pertingere
1357 1659 1414 1701 'ad

125 1721 295 1762 hostium
331 1733 474 1761 cuneos
514 1719 686 1770 possent,
719 1720 837 1759 castra
867 1719 1013 1759 ibidem
1041 1720 1179 1771 posuit.
1213 1724 1259 1761 At
1289 1722 1420 1762 Bello-

128 1785 239 1832 vaci,
266 1796 352 1821 cum
381 1795 503 1832 neque
530 1781 726 1820 discedere
755 1782 967 1830 auderent,
995 1782 1108 1821 vicini
1139 1782 1255 1823 hostis
1281 1794 1385 1823 metu
1402 1814 1415 1833 ,

130 1857 257 1894 neque
282 1845 426 1883 diutius
448 1856 670 1894 permanere
688 1843 763 1882 line
785 1843 938 1883 cibariis
961 1844 1128 1893 possent,
1152 1844 1312 1895 plenum
1340 1845 1418 1884 cat.

131 1907 291 1947 liditatis
317 1906 516 1946 confilium
538 1907 706 1956 capiunt.
741 1906 829 1946 Mos
855 1916 933 1945 erat
958 1906 1178 1956 Gallorum,
1203 1918 1246 1947 ut
1270 1910 1311 1947 in
1335 1909 1418 1948 acie

132 1983 210 2009 non
244 1970 382 2009 starent
411 1969 602 2016 instructi,
633 1967 697 2007 sed
726 1968 922 2016 sederent3
949 1981 1024 2017 quo
1051 1969 1176 2007 minus
1200 1978 1288 2008 ante
1313 1983 1417 2020 proe-

132 2031 227 2071 lium
255 2033 351 2070 vires
370 2031 694 2069 consumerentur.
722 2030 824 2070 Tum
849 2031 962 2069 etiam
980 2030 1099 2069 fasces
1124 2031 1418 2072 stramentorum

134 2103 247 2145 atque
276 2092 528 2143 virgultorum
545 2123 556 2141 ,
589 2105 752 2143 quorum
775 2092 922 2132 summa
955 2102 1034 2132 erat
1056 2093 1102 2132 iis
1125 2095 1259 2144 copia,
1282 2094 1418 2134 effece-

136 2165 247 2203 rant,
283 2156 425 2206 quibus
453 2155 668 2195 insiderent.
709 2154 779 2193 hos
812 2167 878 2204 per
905 2167 1040 2194 manus
1074 2157 1172 2194 inter
1197 2155 1234 2194 se
1260 2157 1422 2195 traditos

138 2226 225 2256 ante
258 2216 424 2267 primam
449 2217 570 2256 aciem
597 2226 900 2265 coacervarunt,
935 2219 970 2256 δε
1001 2215 1068 2256 sub
1097 2216 1291 2267 vesperam
1319 2218 1422 2267 diei,

185 2331 208 2374 §
235 2331 424 2364 X11.P1ut
446 2332 481 2364 in
510 2331 882 2377 Cat.c.63.D'10dor
909 2332 930 2378 ᾖ
959 2331 1052 2366 Xlu.
1075 2332 1217 2364 Diodor.
1236 2332 1311 2369 Liv.
1336 2333 1428 2378 Epic.

143 2375 219 2411 Cic.
243 2377 274 2408 in
300 2377 394 2409 Brut
421 2388 450 2409 c.
473 2388 528 2417 71.

1105 2428 1132 2473 S
1155 2443 1179 2474 2,
