1675 2959
249 118 326 164 rN
364 114 528 163 Loc,
561 114 691 160 Lm.
732 111 836 159 cvl
878 101 1024 160 LIV.'
1214 125 1309 177 239·
1367 77 1371 80 ⁵

28 225 131 274 stris,
153 224 257 264 haud
283 225 484 275 pauciores
508 220 678 261 millibus
705 228 892 271 quatuor,
918 224 1108 268 quotquot
1135 217 1200 259 sua
1232 232 1312 259 ma.

28 301 84 327 nu
119 300 199 326 non
235 289 459 326 invenerant
493 292 680 330 mortem,
713 282 776 333 qui
804 292 984 320 numerus
1020 279 1171 331 amplus
1206 281 1311 331 fuit,

28 348 294 388 trucidarunt:
321 346 494 398 palantes
514 359 580 396 pet
606 356 763 394 campos
784 350 1040 392 exceperunt:
1063 351 1225 392 quatuor
1246 354 1317 381 co-

28 409 160 449 hortes
190 423 278 449 cum
313 410 442 460 legato
470 409 702 459 Varguntejo
730 407 770 444 in
799 405 900 445 colle
933 405 1101 455 quodam
1136 406 1318 445 concide.

28 477 141 518 runt,
163 478 296 520 praeter
318 470 457 509 milites
475 469 636 519 viginti,
663 466 801 517 quibus
828 478 894 538 per
915 465 1063 504 medios
1084 463 1208 504 hostes
1235 466 1316 505 stri-

30 533 102 573 ctis
126 531 260 583 gladiis
284 533 504 581 ruentibus,
533 529 786 570 admiratione
808 529 958 569 virtutis
981 528 1171 568 dederunt
1188 530 1286 569 viam
1301 558 1314 580 ‚

31 595 266 645 Carrhasque
288 595 487 646 pervenire
514 592 607 644 paffi
630 592 729 632 sunt.

87 656 146 696 LI.
175 656 330 696 Interim
356 656 541 702 Surenas,
556 662 606 692 ¹ut
629 653 768 692 certior
787 652 921 700 fieret,
947 650 1012 690 ubi
1036 650 1181 691 Craffus
1202 658 1319 703 atque

33 719 179 760 Caffius
204 718 346 766 effent,
377 717 536 758 Carrhas
565 716 682 755 mittit
709 724 834 755 certos
865 714 1040 754 hommes
1068 714 1320 762 Osrhoenos,

34 783 103 832 qui
130 782 170 820 in
197 781 322 820 eastris
345 778 528 820 Romanis
550 787 755 828 utrumque
780 777 878 827 saepe
896 777 1072 816 viderant
1089 807 1099 825 ,
1129 790 1204 816 una
1226 789 1320 819 cum

36 842 207 894 quodam
238 843 378 883 Latinae
409 842 548 892 linguae
574 841 721 890 perito,
753 839 817 889 qui
846 841 1016 877 Surenam
1052 838 1202 890 colloqui
1233 839 1320 878 velle

34 919 112 945 cum
128 905 243 957 Craffb
258 934 269 953 ‚
281 905 425 956 foederis
436 904 588 956 fhriendi
612 901 718 953 causa
732 929 743 947 ,
761 899 917 938 diceret.
950 897 1008 937 Ita
1034 899 1189 948 cognito
1201 929 1214 946 ‚
1232 900 1324 939 Car.

36 966 118 1006 rhis
142 978 230 1005 eum
260 965 358 1013 effe,
392 965 539 1015 postero
567 963 630 1002 die
659 962 833 1001 admovit
862 959 1071 999 exercitum
1104 961 1242 1009 muris,
1268 963 1323 998 in-

35 1027 259 1064 ternecionem
289 1025 518 1064 denuntians
551 1022 710 1062 omnihus
726 1051 737 1069 ‚
766 1021 833 1072 nifi
856 1020 1009 1072 Craffitm
1042 1033 1145 1073 atque
1178 1020 1324 1070 Caffium

37 1085 176 1124 νὶηὲἷω·
200 1085 432 1137 ῑναάίἅξζῖεηῑ.
457 1087 504 1126 At
520 1085 576 1124 illi
597 1083 848 1126 videntes,<se
873 1083 1078 1127 deceptos,
1094 1094 1168 1115 nce
1192 1082 1231 1114 in
1255 1096 1327 1128 op-

38 1145 135 1198 pido
161 1153 285 1194 tutos,
319 1146 495 1198 &longe
536 1142 798 1182 Armeniorum
831 1138 971 1178 auxilia
1003 1138 1108 1184 fore,
1145 1138 1329 1177 decreve-

40 1216 132 1248 runt
153 1208 295 1258 fugere.
321 1208 364 1246 Id
389 1202 609 1249 confilium,
633 1214 722 1240 cum
744 1199 934 1239 enuntiari
959 1198 1239 1240 Carrhenorum
1260 1213 1328 1240 ne.

42 1269 143 1309 mini
167 1266 413 1320 oportuiffet‚
448 1264 606 1315 pessimo
628 1263 803 1302 omnium
826 1263 861 1301 &
886 1259 1191 1312 perfidiofiffimo
1218 1261 1326 1301 Cras..

41 1328 104 1370 sus
126 1330 287 1382 exponit
313 1326 610 1373 Andromacho,
639 1326 702 1376 qui
728 1325 954 1375 fiagrantem
976 1323 1218 1373 imperatoris
1244 1337 1328 1376 gra-

40 1395 162 1441 tiam,
190 1406 269 1432 non
299 1393 373 1432 alia
405 1391 525 1441 magis
558 1401 665 1438 arte,
699 1400 813 1439 quam
846 1386 1052 1441 foediffima
1079 1386 1328 1440 adulationeg

45 1463 253 1495 meruerat.

100 1517 180 1558 LII.
218 1516 354 1566 Neque
374 1515 404 1555 is
430 1514 590 1565 prodere
620 1511 751 1552 omnia
775 1510 921 1551 Parthis
950 1508 1173 1560 differebat,
1201 1520 1329 1563 tyran.

43 1577 178 1619 nidem
209 1578 338 1629 patriae
369 1577 498 1627 pacius
516 1606 527 1624 ‚
555 1586 668 1625 quam
702 1575 737 1614 &
764 1586 856 1612 mox
881 1573 1070 1621 obtinuit3
1094 1572 1159 1612 sed
1181 1574 1222 1612 in
1245 1585 1332 1625 poee

45 1654 162 1688 nam,
186 1654 206 1680 a
227 1640 374 1679 civibus
396 1638 468 1677 suis
485 1650 573 1677 cum
594 1635 765 1675 universa
786 1635 929 1675 familia
948 1644 1227 1675 concrematus.
1252 1636 1335 1677 Sed·

49 1703 199 1744 Craffus
232 1703 328 1741 adeo
352 1700 570 1739 confidebat
593 1697 772 1746 homini,
803 1706 846 1736 ut
867 1696 936 1735 illo
964 1695 1133 1736 maxime
1154 1697 1253 1735 duce
1272 1698 1332 1736 iti.

47 1766 149 1806 neris
172 1772 350 1804 uteretur.
377 1761 595 1812 Exspectata
617 1761 730 1799 noste
750 1759 882 1808 illuni,
903 1758 1051 1798 Craffus
1074 1771 1164 1798 cum
1189 1759 1334 1797 exerci-

49 1836 93 1867 tu
117 1825 316 1877 processit,
340 1826 375 1864 ἃ
399 1837 420 1863 a
443 1823 637 1874 proditore
665 1823 766 1861 varie
796 1821 1104 1868 circumductus,
1137 1820 1330 1870 postremo

50 1892 94 1930 in
124 1889 209 1928 loca
235 1886 438 1939 paludosa,
462 1888 496 1925 ὃς
526 1884 629 1923 foffis
661 1882 813 1922 concisa
837 1881 1028 1931 detrusus,
1058 1893 1138 1920 non
1163 1880 1333 1921 multum

52 1951 223 1993 confecit
243 1950 324 1989 viae.
361 1947 501 1988 Cassius
516 1978 527 1995 ‚
543 1945 804 1985 animadverso
830 1944 920 1985 dolo
937 1974 948 1993 ‚
974 1944 1124 1994 repetiit
1145 1942 1331 1984 Carrhas:

53 2011 378 2061 monentibusque
402 2009 566 2049 ducibus
590 2007 735 2047 itineris
760 2007 973 2060 aspediae,
997 2006 1104 2042 donec
1131 2003 1217 2042 luna
1234 2005 1332 2057 scor.

49 2076 188 2130 pionem
213 2074 319 2123 trans
306 2072 397 2124 ſjet
415 2070 500 2123 plus
517 2071 557 2123 fi
574 2067 923 2120 timeresagittarium
947 2065 1102 2113 dicenS‚
1118 2076 1206 2103 cum
1230 2064 1333 2115 equi-

55 2135 159 2175 tibus
185 2134 400 2184 quingentis
428 2131 573 2171 evafit
565 2145 604 2170 m
632 2130 789 2181 Syriam.
1269 2150 1271 2154 ,

121 2197 219 2237 LIII.
254 2196 415 2245 Legatus
440 2193 645 2240 Octavius,
672 2191 728 2229 vir
754 2190 891 2237 fortis,
916 2188 1017 2229 fidos
1041 2189 1172 2228 nactus
1196 2187 1336 2240 duces,

58 2261 227 2339 quinque
260 2259 408 2298 circiter
443 2256 563 2296 millia
595 2253 762 2294 militum
789 2252 936 2292 habens
957 2282 968 2301 ‚
1004 2252 1187 2291 montofis
1209 2252 1335 2300 locis,

60 2384 147 2463 A§
151 2383 187 2418 L
206 2385 284 2419 Val.
301 2385 394 2418 Max.
417 2384 506 2419 Plut.
528 2382 671 2416 Diodor.
683 2383 708 2416 1
728 2392 764 2424 4.
789 2379 1199 2426 §L1.Appian.Diodor.
1219 2383 1241 2427 5
1263 2379 1338 2415 LII.

92 2440 209 2474 PPIRH.
