1675 2959
271 131 359 181 180
424 135 514 182 JO.
548 133 1041 180 FREINSHEMII
1088 132 1450 181 SUPPLEM.

334 242 516 283 LXXIII.
541 243 639 283 Saue
662 242 777 281 etiam
800 242 849 281 ob
884 254 1038 280 morum
1062 241 1262 281 infamiam
1289 241 1427 280 invisus
1457 253 1549 280 con-

263 305 480 355 temtusque
502 314 604 352 erat,
635 303 745 354 super
766 303 837 342 alia
858 305 1042 342 indecora
1068 303 1221 354 regibus
1259 303 1364 344 tibiae
1397 305 1447 343 ita
1473 304 1547 342 stu-

264 367 414 415 diosus,
451 375 494 406 ut
523 367 650 416 palam
679 366 720 404 in
755 367 854 416 regia
881 366 1090 405 certamina
1114 367 1351 414 institueret,
1385 368 1420 406 Sc
1449 368 1549 405 inter

261 438 448 467 certantes
468 427 545 478 ipse
565 427 677 474 esset,
695 427 799 466 unde
819 429 853 466 ἃ
872 439 1016 465 nomen
1035 427 1230 465 eiAuletes
1244 427 1360 467 haefit.
1385 427 1548 467 Alexan-

262 489 386 536 drini,
402 489 577 527 nondum
603 488 759 538 cognito
785 488 882 538 regis
909 488 1069 535 itinere,
1095 500 1183 526 cum
1210 498 1334 528 morte
1354 490 1547 529 sublatum

260 553 522 592 existimarent
539 582 548 599 ,
573 553 759 591 Berenicen
779 567 921 605 regnare
949 551 1159 601 jusserunt,
1188 551 1380 592 Ptolemaei
1404 553 1548 601 filiam«,

260 615 309 653 de
338 614 458 652 tribus
486 621 578 652 natu
606 613 840 659 maximam,
869 616 904 653 δι
930 613 1048 652 solam
1069 626 1120 652 ex
1145 612 1317 664 legitimo
1345 617 1541 655 matrimo-

256 677 324 716 nio
357 685 498 714 natam.
539 675 705 714 Aderant
731 677 766 715 &
792 675 860 713 filii
891 675 995 716 duo:
1029 674 1094 714 sed
1118 683 1274 725 propter
1301 675 1546 716 imbecillita-

256 748 336 778 tem
361 739 481 777 aetatis
509 736 846 787 posthabebantur.
873 737 990 788 Igitur
1015 745 1059 776 ut
1078 737 1217 787 reginae
1243 738 1423 777 maritum
1447 752 1546 788 quae-

255 808 411 846 1erent,
444 797 669 838 Menelaum
703 799 739 837 δε
767 797 1031 847 Lamponem,
1059 798 1096 837 ἃ
1119 795 1421 836 Callimandrum
1455 800 1545 837 mit-

257 869 371 910 tunt,
405 859 596 900 Antiocho
626 858 820 898 delaturos
851 859 1141 906 conditionem,
1181 858 1246 909 qui
1277 872 1358 905 non
1388 859 1441 898 ita
1466 860 1549 909 pri-¹

258 924 348 963 dem
383 920 501 973 Syriae
533 934 650 972 regno
685 920 904 969 exciderat,
937 923 972 960 ἃ
999 929 1154 971 propter
1184 928 1346 960 matrem
1384 920 1548 960 Selenen

256 986 414 1036 ffigypti
439 997 599 1035 regnum
627 983 676 1022 ad
699 982 736 1021 se
762 982 924 1034 putabat
950 982 1153 1033 pertinere.

258 1086 267 1088 ,
328 1046 508 1086 LXXIV.
536 1045 612 1085 Sed
636 1057 738 1083 mors
757 1043 860 1086 illius
882 1055 975 1082 vcum
1009 1056 1145 1083 vanam
1173 1042 1274 1084 hanc
1299 1044 1456 1094 quidem
1481 1055 1546 1082 ex-

255 1110 531 1160 spectationem
560 1106 765 1154 effecisset,
804 1116 933 1144 tamen
961 1118 1008 1144 ex
1039 1106 1174 1144 eadem
1201 1106 1329 1144 domo‘
1346 1105 1546 1145 matrimo-

255 1172 367 1211 nium
400 1170 613 1221 petendum
644 1169 740 1217 rati,
774 1167 978 1208 Seleucum
1009 1166 1203 1217 quendam
1228 1164 1443 1214 arceffunt,
1479 1166 1544 1216 qui

248 1236 290 1288 se
309 1231 414 1286 'stirpe
433 1233 654 1285 Syriacorum
678 1245 791 1283 regum
810 1231 938 1268 editum
963 1228 1119 1269 ferebat.
1145 1227 1220 1268 Sed
1242 1239 1331 1266 cum
1350 1227 1440 1266 effet
1461 1240 1544 1266 mo-

255 1295 362 1334 ribus
386 1293 547 1333 sordidis
574 1295 609 1333 δι
633 1291 883 1331 illiberalibus
902 1321 913 1338 ,
935 1292 1156 1344 Cybiosaffes
1186 1289 1315 1345 (quasi
1344 1288 1546 1328 salsamen-

253 1357 394 1396 tarium
425 1354 598 1406 diceres)
626 1354 674 1393 ab
705 1352 968 1392 Alexandrinis
998 1349 1236 1402 appellatus,
1264 1361 1407 1400 paucos
1442 1351 1543 1389 intra

255 1419 338 1458 dies
360 1418 491 1468 periit3
512 1429 600 1455 cum
627 1414 834 1456 Alexandri
850 1414 979 1465 Magni
1006 1411 1179 1452 loculum
1201 1424 1354 1451 aureum
1373 1443 1384 1460 ,
1409 1410 1544 1451 substi-

253 1486 339 1518 tuto
365 1481 487 1518 vitreo
501 1508 511 1525 ,
528 1476 725 1528 rapuisset,
744 1489 867 1526 neque
891 1475 1103 1526 quidquam
1124 1482 1212 1512 ante
1233 1473 1397 1512 studium
1425 1486 1542 1524 pecu-

252 1541 326 1581 niae
353 1549 538 1592 poneret,
565 1539 664 1589 jussu
699 1538 860 1589 reginae,
895 1550 977 1588 quae
1005 1535 1173 1588 perferre
1195 1534 1322 1575 sordes
1346 1534 1536 1585 ejusmodi

251 1616 335 1643 non
366 1611 542 1653 poterat,
565 1599 827 1651 strangulatus

307 1666 464 1706 LXXV.
504 1666 713 1714 Comperto
742 1662 905 1711 deinde,
933 1661 1065 1702 Romae
1086 1659 1336 1701 Ptolemaeum
1372 1661 1537 1712 degere,

250 1728 398 1779 legatos
425 1729 460 1766 ἃ
485 1726 552 1776 ipsi
576 1734 733 1764 centum
756 1723 960 1772 misemnt,
989 1723 1054 1773 qui
1080 1722 1129 1761 ad
1147 1721 1307 1760 crimina
1333 1720 1536 1772 responde-

250 1803 337 1830 rent
365 1791 488 1841 regis,
519 1792 554 1830 ἃ
579 1786 833 1838 ultrojpsum
857 1786 1088 1825 accusarent.
1133 1784 1208 1825 Sed
1232 1797 1279 1824 ex
1303 1797 1349 1824 eo
1375 1797 1537 1824 numero

250 1853 425 1904 plerique
442 1854 482 1892 in
499 1853 634 1891 itinere
649 1882 660 1898 ,
681 1863 766 1901 pars
797 1851 835 1888 in
856 1848 934 1900 ipsa
958 1848 1051 1888 urbe
1077 1847 1272 1888 Ptolemaei
1298 1848 1398 1887 dolis
1421 1850 1537 1888 occisi

249 1913 361 1954 sunt:
390 1927 478 1952 cum
499 1911 586 1959 ille,
603 1911 731 1950 multis
748 1911 1011 1950 Romanorum
1036 1911 1200 1962 pecunia
1225 1911 1436 1959 corruptis,
1453 1911 1539 1949 insi-

251 1977 335 2015 dias
368 1975 462 2015 locis
491 1974 672 2014 omnibus
701 1973 894 2025 posuisset.
938 1975 1030 2014 Haec
1058 1974 1188 2012 omnia
1221 1980 1302 2010 tam
1331 1975 1366 2012 ὁὶ
1406 1982 1537 2023 aperte

251 2040 288 2077 ἃ
316 2039 474 2087 impune
492 2037 860 2086 committebantur,
880 2045 924 2076 ut
948 2036 974 2075 sl
998 2036 1054 2076 M.
1072 2035 1286 2084 Favonius,
1314 2035 1535 2075 Catonianae

247 2099 435 2138 libertatis
461 2099 642 2145 aemulus,
670 2098 867 2146 tacuiffet,
897 2111 1011 2136 nemo
1039 2097 1224 2137 relaturus
1252 2099 1300 2137 de
1326 2107 1434 2136 tanto
1457 2096 1536 2135 sce-

247 2160 326 2199 lere
355 2157 480 2200 fuerit.
514 2161 585 2202 Illo
611 2161 811 2200 accusante
844 2161 1061 2213 peregrinam
1087 2162 1333 2207 temeritatem,
1369 2159 1534 2205 dumelli-

248 2237 326 2261 cam
348 2224 563 2270 avaritiam,
593 2222 732 2272 species
753 2222 878 2272 aliqua
911 2222 1051 2271 pristini
1079 2222 1260 2272 pudoris,
1288 2232 1410 2269 neque
1439 2219 1531 2257 diu-

249 2294 386 2334 turna,
417 2284 589 2333 incenit,
613 2295 655 2324 ut
682 2285 858 2335 princeps
892 2284 1096 2334 legationis
1124 2283 1225 2330 Dio,
1256 2281 1359 2321 haud
1389 2281 1530 2320 incele-

248 2447 287 2481 εἰ
313 2402 518 2482 §ixl—‘xxm'
551 2401 717 2447 Porphyr.
743 2413 798 2448 ap.
828 2401 949 2436 Euseb.
987 2400 1100 2435 Str-Tu.
1140 2400 1162 2446 §
1204 2400 1358 2435 LXXIV.
1399 2399 1542 2435 Diodm.

291 2459 325 2480 ra
