1675 2959
243 150 318 195 IN
362 147 538 195 LOC.
582 147 721 192 LIB.
757 145 886 192 CXI}
947 147 1086 193 LlV.
1227 165 1323 214 409

41 258 75 296 ἃ
101 267 239 306 magno
269 253 520 294 aauariarum
550 267 709 293 numero
732 283 742 300 ‚
772 253 910 304 quibus
933 253 1048 292 rostra
1068 253 1327 305 imposuerat,

41 317 239 357 Brundisio
269 315 459 365 profectus
491 316 553 354 est.
583 317 711 365 Hujus
737 316 906 354 adventu
931 315 987 357 Μ.
1017 315 1226 365 Octavius,
1260 318 1324 366 qui

38 377 190 416 interim
218 376 453 427 Epidaurum
481 387 559 417 erat
583 377 797 429 aggressus,
827 377 875 416 ab
903 377 1191 427 oppugnatione
1213 380 1327 427 oppi-

41 439 82 477 di
105 441 291 488 rejectus,
318 440 366 478 ad
393 441 601 480 Tauridem
628 441 789 480 insulam
813 440 1003 487 substitit,
1035 439 1110 478 hoc
1141 439 1298 479 confilio
1315 470 1328 489 ‚

43 509 111 548 ut,
132 501 316 550 siquidem
344 501 606 552 insequeretur
629 503 828 548 Vatinius,
856 501 966 541 claffe
996 502 1210 542 dimicaret.

15 560 17 563 ’
98 564 191 603 LIV.
221 566 321 604 Nam
347 565 572 604 Vatinianas
603 578 716 604 naves
748 564 943 618 plerasque
967 565 1064 614 justo
1091 565 1256 604 minores
1276 565 1334 603 in-

42 627 303 678 firmioresque
336 627 410 667 effe
447 637 693 680 cognoverat.
730 629 804 668 Sed
834 629 974 666 virtute
1000 626 1167 666 militum
1182 630 1204 673 ,'
1222 626 1329 676 quod

42 691 173 729 robori
208 692 365 730 navium
401 692 555 742 deerat,
582 692 739 743 largiter
769 691 972 742 explente,
1009 691 1130 730 victor
1160 689 1329 729 Vatinius

43 752 184 791 multas
209 753 388 803 depreffit
411 753 580 793 hostium
601 766 741 802 naves,
770 752 908 792 multas
938 753 1054 802 cepit.
1092 751 1164 790 Alii
1202 753 1335 790 auclo-

44 825 104 851 res
138 826 315 864 magnam
352 816 434 861 eius
469 814 595 854 laudis
629 823 775 865 partem
814 814 968 852 Vatinio
1003 812 1259 860 abjudicant:
1289 826 1333 849 ne

45 887 181 914 tentata
215 878 349 928 quidem
381 891 530 929 pugna,
562 878 777 916 Oz‘lrrvianos
812 877 861 914 ad
892 875 990 914 illum
1024 874 1178 926 defecisti?
1192 890 1209 922 ,-
1242 875 1336 926 quod

45 938 194 976 auditus
212 937 290 989 jam
305 938 509 989 Pharsalici
532 937 646 991 proelii
669 950 810 976 extentus
825 937 957 990 fuerat.
984 937 1229 986 Quocunque
1252 948 1336 974 mo·

51 998 103 1037 do
135 998 305 1048 superior
335 999 535 1046 Vatinius,
567 999 759 1049 profectus
785 999 923 1046 lsl'am,
962 999 1001 1037 in
1037 1011 1110 1048 qua
1145 997 1335 1048 oppidum

49 1057 184 1097 nobile
209 1067 316 1106 erat,
344 1060 695 1109 conjunctissimum
724 1061 912 1106 Octavio,
943 1060 990 1098 ab
1015 1059 1216 1100 Iffensibus
1239 1059 1337 1098 reci-

52 1121 169 1172 pitur.
192 1121 250 1160 Ibi
276 1121 494 1171 cognoscit,
511 1125 570 1162 M.
597 1123 782 1161 Offavium
797 1153 808 1170 ,
828 1137 903 1161 cum
919 1124 988 1174 sua
1013 1121 1242 1174 quadriremis
1254 1136 1340 1159 mer-

49 1195 207 1236 geretur,
229 1186 368 1237 stapha
391 1196 566 1238 exceptum
581 1215 594 1234 ,
619 1197 720 1237 atque
745 1183 811 1222 illa
835 1185 953 1222 itidem
979 1183 1131 1234 depreffa
1151 1184 1338 1238 faucium,

52 1243 237 1296 adnataffi
271 1247 321 1283 ad
344 1259 586 1297 myoparonem
607 1248 710 1299 ficum
727 1275 738 1293 ‚
774 1246 943 1298 Jffamque
972 1244 1131 1295 verzff;
1155 1245 1236 1283 inde
1266 1258 1342 1283 cum

48 1306 177 1358 paucis
197 1307 388 1358 parvisque
412 1307 571 1359 navigiis
603 1318 703 1344 vento
716 1306 867 1358 secundo
885 1305 1002 1357 petiffe
1031 1307 1229 1357 Corcyram.

110 1368 185 1408 LV.
209 1368 402 1415 Vatinius,
427 1380 467 1407 re
492 1368 663 1408 celeriter
696 1370 731 1408 ἃ
757 1367 936 1419 przeclare
957 1367 1078 1418 gesta,
1101 1367 1340 1407 Brundisium
1354 1395 1362 1396 „

53 1430 183 1473 rediit,
201 1430 286 1482 Jam
306 1430 396 1468 inde
412 1442 432 1469 a
453 1431 641 1480 principio
662 1430 744 1480 post
761 1439 959 1480 acceptam
976 1429 1148 1478 cladem,
1162 1426 1341 1469 omnium

54 1492 185 1540 utique
227 1491 546 1541 Pompeianorum
583 1491 803 1542 perfugium
838 1492 1002 1543 Corcyra
1047 1491 1120 1529 effe
1156 1500 1340 1541 coeperat.

54 1553 134 1591 huc
155 1561 242 1591 ante
261 1553 466 1592 octavium
490 1555 525 1592 <Sc
547 1552 609 1592 alii
634 1552 672 1591 se
694 1562 933 1603 receperant,
960 1555 996 1592 δε
1022 1552 1236 1591 illustriores
1259 1551 1342 1591 aliis

58 1615 103 1655 C.
127 1614 292 1663 Caffius,
313 1615 380 1654 Cn.
401 1615 607 1664 Pompejus
628 1614 858 1654 adolescens.
886 1615 1020 1654 Cnaeus
1041 1623 1129 1653 ante
1152 1613 1343 1654 summam

58 1676 352 1715 dimicationem
379 1688 468 1714 cum
498 1676 678 1726 AEgyptia
706 1676 819 1715 claffe
844 1676 1000 1726 Epirum
1027 1675 1203 1714 ambiens
1220 1706 1232 1721 ‚
1257 1676 1344 1715 Ori-

59 1750 174 1787 cum,
203 1739 266 1776 cui
295 1739 351 1777 M.
380 1738 522 1776 Acilius
539 1737 689 1776 Caesaris
717 1737 863 1788 legatus
894 1745 1072 1788 praeerat,
1097 1750 1346 1787 oppugnave-

57 1811 142 1847 rat,
164 1812 331 1849 magum,
355 1799 420 1838 sed
449 1799 497 1837 ad
520 1809 737 1837 extremum
766 1798 873 1836 irrito
890 1828 899 1845 ,
928 1807 1080 1836 conatu.
1120 1798 1215 1837 Cum
1238 1799 1344 1837 enim

62 1861 153 1899 esset
188 1861 237 1900 ad
271 1859 532 1899 claudendum
557 1870 691 1911 portus
719 1861 917 1899 introitum
952 1859 1121 1898 oneraria
1157 1861 1262 1897 navis
1296 1859 1344 1898 ab

59 1924 185 1964 Acilio
214 1923 429 1970 submersa,
460 1937 542 1973 quae
574 1923 723 1973 scaphis
761 1935 897 1974 magna
923 1921 1098 1961 saxorum
1126 1922 1233 1960 mole
1254 1935 1346 1960 one-

62 1987 155 2023 ratis
188 1993 402 2024 teneretur:
443 1985 756 2033 perurinatores
798 1985 966 2023 extrac‘ta
1002 1992 1108 2033 parte
1143 1982 1346 2031 lapidum,

63 2046 163 2085 hanc
186 2047 341 2096 quidem
370 2047 525 2094 funibus
550 2046 679 2085 multis
703 2046 940 2086 contendens
965 2046 1126 2084 deduxit
1146 2044 1342 2093 remulco3

62 2108 252 2158 aliamque
280 2109 311 2146 ei
350 2110 597 2156 conjunctam
627 2121 786 2155 navem,
812 2108 850 2146 in
889 2120 962 2157 qua
997 2107 1106 2145 turris
1134 2107 1182 2145 ad
1214 2107 1349 2146 defen-

62 2171 205 2210 {ionem
231 2171 397 2209 excitata
420 2171 564 2219 fuerat,
589 2170 623 2208 vi
648 2171 762 2220 cepit.
796 2169 1000 2220 nacilusque
1027 2169 1169 2208 molem
1196 2171 1344 2220 oppido

65 2234 258 2282 objectam
288 2233 329 2271 in
366 2233 533 2282 speciem
571 2230 700 2271 insulae
723 2263 733 2280 ‚
771 2243 933 2282 quatuor
966 2232 1130 2270 biremes
1167 2232 1345 2279 subjectis

63 2295 219 2336 scutulis
245 2294 424 2345 impulsas
452 2295 624 2335 veffibus
649 2295 687 2332 in
714 2305 862 2344 partem
892 2295 1112 2333 interiorem
1141 2292 1349 2331 transtulit:

66 2366 180 2407 atque
204 2358 256 2396 ita
275 2358 449 2407 utrinque
472 2357 660 2408 aggressus
682 2370 795 2397 naves
817 2357 949 2409 longas
973 2368 1224 2406 vacuas.quae
1238 2362 1347 2394 crant

115 2473 137 2521 ς
162 2475 253 2509 mix
275 2474 353 2508 Dio.
382 2475 472 2509 Hm.
