1675 2959
323 124 420 168 224
485 108 577 154 JO.
617 63 1106 179 FRElNSHEMlI
1147 102 1511 150 SUPPLEM.·

320 216 520 259 Pontinius
542 212 736 260 habebat,
761 214 796 252 ἃ
822 211 1019 251 consulem
1047 211 1240 261 Appium:
1273 223 1294 249 a
1311 223 1385 260 quo
1414 207 1605 259 insigniter

311 281 478 330 ‚adjutus
497 309 509 326 ‚
540 276 803 326 nequidquam
841 273 1165 313 tumultuantibus
1201 272 1444 319 adversariis,
1471 270 1609 310 urbem

316 341 560 392 triumphans
587 339 683 378 iniit.
711 338 880 391 Maiores
906 339 948 376 in
972 337 1109 376 eadem
1128 332 1250 377 Gallia
1274 349 1330 375 res
1353 335 1487 374 iisdem
1512 343 1608 372 tem-

307 406 480 458 ·poribus
508 404 551 443 C.
577 400 698 441 Caesar
730 399 907 450 gerebat,
943 399 1169 440 Eburonum
1200 400 1408 440 rebellione
1437 396 1609 442 excitus,

323 469 410 519 qui,
435 464 579 505 nuntiis
608 461 860 502 Indutiomari
882 461 1033 501 Treviri
1057 461 1372 511 impellentibus,
1401 461 1501 500 duce
1520 460 1610 498 Am-

323 529 472 580 biorige
506 527 549 567 L.
577 523 880 574 Auruncui-ejum
902 523 1094 571 Cottam,
1123 524 1174 573 Q.
1198 523 1390 563 Titurium
1422 513 1610 563 Sabinum

306 594 469 644 legatos
487 590 641 631 Caesaris
664 600 754 627 cum
776 587 1003 626 cohortibus
1029 586 1265 626 occiderunt.
1286 585 1333 626 Id
1355 585 1611 624 infortunium

309 654 441 703 eulpa
468 659 586 701 atque
611 649 826 689 temeritate
849 648 899 697 Q.
921 647 1062 688 Titurii
1078 648 1246 687 accidit:
1269 660 1346 698 quo
1367 644 1612 696 impellente,

325 716 442 755 castra
462 712 627 752 feliciter
648 710 804 750 defensa
819 709 1053 759 reliquerunt
1071 708 1233 758 milites,
1260 708 1309 747 ad
1331 706 1508 759 proxima
1527 703 1614 744 suo-

325 793 410 820 rum
431 776 594 816 hiberna
619 773 822 813 transituri.

382 837 494 882 Xlll.
518 836 621 876 Nam
643 832 889 873 fraudulento
916 830 1032 870 hostis
1058 828 1216 870 confilio
1236 829 1510 876 crediderunt,
1527 827 1615 865 ami-

326 917 402 944 cum
418 902 459 954 ft
483 898 663 945 ferentis,
687 910 793 949 neque
807 895 931 947 sponte
950 895 1001 932 ad
1021 894 1258 946 oppugnanda
1278 892 1386 945 castra
1407 891 1614 943 prastaam,

312 967 386 1018 >fed
409 963 494 1016 quia
525 961 710 1000 Gallorum
745 958 898 998 omnium
921 972 963 995 ea
987 955 1064 1007 effbt
1094 955 1331 1009 conspiratio,
1364 951 1422 990 cui
1448 950 1521 1003 ipse
1547 963 1617 986 non

323 1025 431 1076 pofflz
457 1021 605 1072 nfistere.
644 1014 941 1064 inveniebatque
968 1018 1085 1052 fidem
1112 1029 1159 1056 ex
1183 1029 1255 1065 eo,
1289 1013 1394 1065 quod
1418 1017 1618 1050 contemta

332 1085 370 1123 δε
387 1080 568 1133 ignobilis
582 1078 808 1119 Eburonum
825 1075 958 1114 civitas
971 1103 982 1121 ,
1007 1071 1104 1111 nihil
1124 1085 1191 1123 per
1205 1072 1242 1112 se
1264 1082 1491 1112 attentatum
1510 1071 1618 1110 vide-

330 1145 466 1192 batur,
489 1142 553 1182 nisi
572 1140 742 1192 plurium
767 1140 802 1179 &
817 1136 1105 1188 opulentiorum
1124 1134 1267 1174 fiducia
1286 1142 1502 1173 armaretur.
1530 1135 1621 1172 Am-

331 1207 484 1253 biorix,
501 1204 574 1243 hac
596 1201 753 1242 victoria
773 1199 974 1249 multoque
998 1210 1090 1237 auro
1106 1210 1154 1249 ex
1174 1196 1387 1247 direptione
1411 1195 1617 1234 castrorum

329 1269 477 1322 potitus
492 1297 504 1315 ‚
532 1265 657 1305 statim
680 1276 769 1302 cum
790 1263 964 1313 equitatu
984 1260 1024 1299 in
1046 1259 1265 1307 atuaticos,
1291 1258 1433 1297 deinde
1458 1257 1498 1296 in
1524 1257 1621 1296 Ner-

332 1334 420 1371 vios
448 1330 645 1381 pervenit,
673 1325 740 1365 ubi
775 1323 936 1376 legionis
967 1322 1084 1361 unius.
1106 1320 1268 1360 hiberna
1290 1328 1410 1358 erant.
1452 1317 1510 1357 Ad
1538 1316 1619 1354 liam

334 1393 591 1445 expugnanda
613 1402 747 1430 omnes
767 1388 805 1427 hi
826 1385 982 1438 populi,
1004 1384 1087 1424 aliis
1107 1396 1263 1434 quoque
1284 1382 1420 1421 vicinis
1439 1378 1622 1429 adiectis,

286 1481 290 1484 -
334 1467 475 1506 magna
501 1465 590 1492 cum
617 1450 867 1491 multitudine
893 1454 1127 1487 armatorum
1156 1443 1400 1483 accesserunt.

387 1517 494 1558 XIV.
531 1515 712 1556 Hibernis
741 1513 793 1562 Q.
820 1511 954 1552 Cicero
982 1516 1166 1560 praeerat,
1204 1519 1329 1557 neque
1362 1506 1456 1544 dum
1486 1503 1620 1542 auditu

334 1579 476 1622 Titurii
502 1578 614 1626 casu,
642 1588 784 1616 vacuus
815 1574 926 1613 curis.
961 1573 1094 1622 Itaque
1122 1567 1260 1608 milites
1295 1565 1495 1612 nonnulli,
1525 1575 1623 1613 quen⁴

334 1638 558 1691 lignationis
589 1635 888 1686 munitionisque
914 1633 1024 1673 causa
1053 1634 1092 1671 in
1119 1630 1226 1669 filvas
1251 1626 1467 1672 dimiserat,
1494 1623 1621 1663 subito

336 1701 506 1741 hostium
526 1700 694 1739 adventu
715 1699 803 1738 sunt
823 1697 987 1747 excepti.
1011 1696 1114 1735 Hinc
1138 1692 1339 1731 castrorum
1361 1702 1428 1740 per
1449 1685 1623 1737 complu-

338 1777 400 1804 res
423 1765 504 1804 dies
534 1763 759 1802 continuata
787 1760 1056 1811 oppugnati03
1085 1757 1148 1796 sed
1173 1754 1320 1794 summa
1345 1753 1487 1792 virtute
1518 1750 1626 1790 Cice-

338 1827 444 1865 ronis
472 1827 508 1865 &
531 1824 700 1864 militum
739 1822 864 1862 hostes
898 1820 1061 1872 repulfi:
1103 1819 1228 1858 donec
1250 1815 1464 1856 Verticonis
1495 1811 1624 1853 Nervii

338 1887 448 1927 fideli
479 1899 594 1937 opera
621 1886 744 1941 (nam
774 1885 807 1924 is
834 1883 940 1923 servo
973 1881 1040 1921 suo
1070 1880 1216 1932 magnis
1243 1872 1628 1930 praemiis‘persuase-

339 1958 422 1997 rat,
451 1956 491 1988 ut
515 1947 642 1987 literas
671 1945 882 1998 perferret)
909 1943 1055 1992 Caesar,
1085 1941 1332 1994 praesentibus
1354 1938 1466 1980 rebus
1486 1936 1628 1986 cogni-

341 2013 420 2059 tis,
447 2010 663 2050 succurrere
689 2008 994 2060 periclitantibus
1022 2007 1159 2057 potuit.
1191 2005 1227 2046 Is
1251 2006 1365 2056 igitur
1387 2002 1498 2042 solita
1533 2000 1627 2038 cele-

340 2076 455 2114 ritate
472 2087 560 2114 cum
585 2074 804 2124 legionibus
826 2071 998 2118 duabus,
1015 2071 1103 2122 quia
1125 2069 1336 2110 Labienum
1350 2065 1518 2112 Treviri,
1536 2075 1623 2101 cum

341 2137 524 2177 omnibus
540 2137 660 2187 copiis
675 2136 724 2175 ad
747 2137 830 2184 ejus
852 2134 1013 2173 hiberna
1029 2131 1189 2184 profecti
1200 2162 1211 2180 ‚
1227 2129 1440 2170 retinebant
1451 2159 1462 2174 ,
1478 2127 1518 2166 in
1535 2127 1630 2167 Nel-

345 2200 428 2238 vios
453 2199 678 2246 contendit,
701 2198 988 2246 adventumque
1013 2194 1119 2235 suum
1145 2194 1321 2234 Ciceroni
1343 2186 1472 2232 Gr‘aeca
1495 2188 1630 2239 episto-

322 2261 408 2310 ¹1³,
441 2273 490 2299 ne
518 2260 728 2310 intercepta
759 2257 1033 2309 intelligeretur
1057 2256 1106 2296 ab
1137 2255 1329 2303 hostibus,
1351 2253 1516 2292 nuntiat.
1544 2262 1631 2289 eam

349 2379 424 2460 (1οὲ
444 2379 521 2420 ΧΠ.
545 2378 632 2414 Prin.
655 2377 752 2423 praef.
769 2376 846 2412 hist.
868 2385 941 2414 nat.
961 2375 984 2421 §
1003 2374 1096 2409 xm.
1121 2375 1195 2408 cic.
1217 2374 1259 2407 ul
1279 2372 1386 2406 Λαὶς.
1405 2382 1446 2413 4,
1472 2370 1522 2404 16.
1551 2368 1634 2405 Dio-2
