1675 2959
261 79 357 134 '294
421 67 511 119 JO.
544 67 1037 118 FREINSHEMII
1083 66 1446 117 SUPPLEMt

261 180 486 218 cunctanter
502 209 513 227 ,
543 181 578 218 ὃς
609 191 654 218 ex
677 177 749 216 suis
779 177 952 227 quintam
976 176 1194 223 decimam,
1220 189 1335 227 quam
1356 176 1399 215 in
1422 174 1561 216 Gallia'²

263 240 441 279 citeriore
466 240 665 279 habuerat.
700 238 889 278 militibus
913 239 1084 278 ducenos
1111 241 1400 290 quinquagenos
1430 238 1544 277 dena-

262 302 340 340 rios
367 303 470 341 dono
498 303 615 341 dedit.
649 302 732 341 Hos
759 300 822 349 qui
849 300 1109 347 adduxerant,
1128 300 1219 340 dolo
1242 314 1291 340 an
1314 300 1467 339 stultitia
1490 300 1548 338 in-

262 371 433 411 certum,
465 366 559 403 mire
581 363 849 413 deprimebant
877 361 1086 409 Cae-sarem,
1109 364 1205 401 nihil
1233 379 1272 402 eo
1303 365 1400 417 apud
1419 362 1550 400 exerci-

260 436 337 462 tum
363 426 514 475 odiosius
542 424 603 475 effi
618 454 629 472 ,
659 425 788 462 cum‘lis
803 424 913 474 finem
945 424 1123 471 laborum,
1157 426 1365 476 consper‘lum
1399 425 1550 477 patriae,

263 486 301 524 ὃ»
329 488 374 524 ab
403 488 571 524 diuturna
601 486 838 525 dominatione
859 485 1050 524 libertatem
1073 487 1108 525 δ’
1137 486 1247 523 otium
1264 486 1548 537 respicientibus:

265 564 371 601 neque
396 550 577 596 dubitare,
601 550 801 599 transituros
830 550 883 586 ad
906 548 1110 601 Pompejum
1135 548 1313 600 universos
1329 575 1340 595 ‚
1367 547 1476 598 fimul
1495 557 1550 585 at-

266 625 332 663 que
357 611 482 648 redarii
504 610 542 648 in
563 609 709 649 Italiam
719 610 850 661 fhrent.

323 671 429 711 XVI.
457 672 504 711 Id
529 683 681 720 quoque
703 670 1021 720 negligentiorem
1039 669 1167 708 effecit
1188 669 1440 719 Pompejum,
1461 680 1554 706 cun-

269 735 330 777 &a
352 732 445 781 fibi,
475 731 584 771 simul
611 731 798 771 annuiffet
815 762 826 779 ,
855 731 1042 782 proclivia
1060 733 1143 771 fore
1163 731 1453 771 existimantem.
1484 730 1555 770 Le-

268 794 427 845 giones,
448 794 536 844 quia
557 793 683 833 Parthi
705 792 887 832 receffiffe
914 793 1210 840 nuntiabantur,
1235 801 1390 831 retentae
1412 791 1555 830 nihilo-

266 856 396 896 minus
428 857 470 896 in
497 856 629 904 Italia,
658 857 797 906 Capuae
827 856 1056 896 hiemarunt.
1084 858 1266 907 Namque
1294 855 1448 897 Bibulus
1468 868 1556 905 pro-

268 918 404 956 vinciae
425 917 496 957 fuae
518 929 654 967 pacem
669 947 679 964 ,
705 917 872 956 conflato
898 919 996 956 inter
1014 917 1171 957 Parthos
1195 916 1297 956 civili
1321 916 1448 964 bello,
1470 929 1557 967 pro-

270 972 479 1019 curaverat.
522 979 817 1028 Ornodapantes
844 978 1016 1029 satrapa,
1044 979 1199 1018 infe-stus
1227 979 1305 1030 regi
1332 979 1478 1027 Orodi,
1514 985 1560 1017 ut

268 1048 469 1092 receptum
497 1043 600 1093 apud
632 1042 825 1081 Romanos
851 1041 1034 1090 haberet,
1063 1054 1154 1081 cum
1183 1041 1321 1081 Bibulo
1348 1041 1558 1081 amicitiam

272 1104 502 1144 instituerat.
533 1105 645 1144 Hunc
666 1105 784 1154 igitur
807 1105 950 1144 crebris
973 1105 1116 1145 nuntiis
1134 1103 1310 1154 impulit,
1327 1112 1394 1150 ut,
1413 1103 1559 1143 Pacoro

272 1180 361 1216 rege
388 1167 616 1213 constituto,
643 1165 789 1205 bellum
813 1166 935 1206 Orodi
961 1166 1113 1206 faceret.
1145 1168 1194 1207 At
1216 1165 1335 1205 Caesar
1358 1176 1482 1214 neque
1501 1163 1560 1202 lu-

271 1227 408 1266 benter
443 1227 628 1277 pofiturus
659 1228 889 1277 imperium,
916 1227 978 1266 cui
1004 1228 1155 1267 tamdiu
1184 1226 1418 1271 assueverat,
1444 1227 1504 1272 ἃ,
1529 1224 1559 1263 fi

274 1279 577 1338 deponeretffin
604 1289 789 1339 potestate
813 1290 961 1329 futurus
987 1290 1258 1337 inimicorum,
1287 1299 1420 1327 omnes
1445 1286 1561 1325 ratio.

272 1362 343 1388 nes
376 1348 460 1388 suas
478 1349 532 1388 ita
556 1350 741 1399 parabat,
767 1359 810 1390 ut
833 1350 856 1398 fi
885 1350 1104 1389 volentibus
1130 1350 1330 1397 obtinere,
1353 1348 1460 1398 quod
1485 1359 1560 1386 cu-

272 1411 426 1462 piebat,
453 1412 650 1462 nequiret,
679 1413 740 1452 vel
764 1413 891 1464 invitis
916 1413 1093 1453 omnibus
1123 1413 1387 1463 assequeretur.

330 1474 454 1514 XVII.
482 1474 601 1525 Igitur
625 1478 704 1524 jam
734 1490 755 1515 a
785 1476 908 1515 multo
929 1486 1104 1528 tempore
1138 1476 1258 1524 nihil,
1283 1475 1387 1526 quod
1415 1481 1481 1513 aut
1508 1473 1558 1514 ad

276 1537 437 1587 gratiam
472 1535 675 1575 hominum
703 1538 938 1588 parandam,
969 1548 1034 1577 aut
1064 1538 1112 1577 ad
1144 1549 1237 1587 opes
1260 1536 1342 1575 filas
1372 1534 1560 1574 stabilien-

278 1601 346 1639 das
379 1600 604 1648 pertineret,
632 1600 930 1650 praetermiserat.
968 1600 1108 1640 Forum
1138 1599 1384 1638 inchoaverat
1409 1598 1457 1637 de
1478 1609 1563 1635 ma-

274 1661 429 1708 nubiis,
450 1659 531 1699 solo
551 1669 701 1701 tantum
724 1662 932 1701 sestertium
960 1662 1100 1701 millies
1123 1670 1248 1701 emto:
1277 1672 1414 1699 munus
1440 1672 1562 1709 popu-

275 1723 316 1761 lo
337 1723 570 1773 epulumque
591 1725 855 1773 pronuntiarat
876 1726 915 1763 in
934 1724 1020 1763 filiae
1038 1725 1287 1771 memoriam,
1303 1734 1391 1761 cum
1407 1724 1447 1761 in
1462 1735 1562 1761 mor-

274 1784 378 1823 tibus
410 1794 667 1823 matronarum
696 1786 736 1824 id
762 1785 890 1824 adhue
919 1799 1033 1825 nemo
1057 1786 1226 1825 fecisset:
1259 1784 1475 1836 legionibus
1502 1783 1563 1828 sti,

274 1846 461 1897 pendium
487 1847 526 1885 in
550 1857 775 1897 perpetuum
800 1848 1087 1898 duplicaverat:
1107 1849 1342 1887 frumentum
1366 1846 1464 1896 faepe
1485 1845 1563 1884 sine

276 1910 398 1948 modo
427 1922 471 1948 ac
503 1909 679 1949 mensura
711 1910 950 1961 praebuerat:
989 1911 1207 1960 mancipia,
1243 1908 1383 1959 praedia
1417 1907 1563 1946 viritim

279 1972 540 2011 distribuerat:
578 1972 729 2023 regibus
755 1975 995 2023 captivorum
1029 1973 1149 2013 millia
1182 1974 1288 2012 dono
1318 1972 1494 2010 dederat:
1524 1971 1561 2009 St

277 2035 370 2072 citra
399 2034 547 2074 senatus
584 2036 766 2087 populive
798 2037 935 2085 jussum
964 2037 1132 2082 auxilia,
1156 2036 1304 2085 quoties
1332 2036 1368 2073 δε
1392 2046 1467 2083 quo
1496 2043 1561 2081 pe-

275 2095 426 2143 tissent,
455 2096 628 2136 miserat:
654 2098 795 2143 Italiae,
818 2099 968 2146 Gaffize,
992 2098 1285 2148 Hispaniarum,
1302 2096 1390 2135 Afiae
1410 2106 1565 2145 quoque

278 2160 314 2197 ὅ(
335 2157 485 2196 Graeciae
505 2157 616 2197 urbes
638 2158 906 2198 munitissimas
922 2160 1123 2210 praecipuis
1147 2158 1327 2208 operibus
1349 2165 1562 2195 exornarat.

325 2275 347 2318 ξ
373 2274 450 2307 XV.
473 2275 673 2309 Hirt.P1ut.
698 2276 732 2308 in
760 2277 836 2309 Cat.
858 2289 887 2308 c.
909 2289 963 2316 44.
984 2277 1129 2319 Appian.
1163 2275 1291 2319 §XVL
1312 2275 1384 2307 Cic
1405 2274 1560 2309 familiar.

277 2329 364 2360 2.
373 2330 409 2359 7,
425 2320 569 2353 D1›<lor
591 2322 730 2354 Sueton.
752 2323 785 2356 in
807 2320 889 2356 Caes.
905 2333 934 2355 c.
951 2332 1006 2366 30.
1029 2321 1176 2366 §xvlt
1199 2321 1342 2354 Diodor.
1360 2321 1500 2356 Sueten.
1520 2320 1555 2352 in

284 2363 686 2409 Caes.c.2.61’1·1n.36,
713 2374 746 2406 7
