1675 2959
261 161 339 213 IN
384 161 549 210 LOC.
589 159 724 207 .L113.
770 156 869 206 CIII
915 157 1060 205 LIV.
1227 173 1313 222 143

119 268 346 313 CXXXIII.
390 268 535 309 Interea
565 264 754 312 Helvetii,
779 277 867 304 cum
895 263 1076 304 omnibus
1105 260 1178 302 suis
1208 265 1321 303 carris

45 334 245 387 suggressi,
271 333 468 384 postquam
495 330 642 370 seorfim
676 329 952 380 impedimenta
977 325 1241 373 conlocassent,
1269 339 1325 365 re-

46 399 151 448 jecto
182 393 331 436 Caesaris
356 395 554 443 equitatu,
578 391 629 441 nd
649 390 789 430 collem
818 389 993 429 instructa
1019 387 1210 438 phalange
1233 400 1322 438 pro-

49 457 248 497 cefferunt.
289 454 433 502 Caesur,
457 453 520 493 suo
558 452 723 503 primum
753 465 876 501 eque,
911 451 1048 490 deinde
1075 449 1270 495 omnium,
1297 462 1321 490 e

50 519 257 567 conspeetu
279 516 437 563 amotis,
462 523 505 554 ut
528 522 675 565 aequato
700 513 869 564 periculo
899 513 1002 563 spem
1023 513 1123 562 fugae
1148 511 1324 561 tolleret,

46 589 212 631 quatuor
246 578 432 618 veteranis
466 575 677 627 legionibus
705 575 883 626 proelium
913 574 1129 614 committit.
1162 573 1210 613 ab
1234 573 1328 614 hora

47 642 211 693 septima
227 671 238 689 ,
263 640 379 689 usque
411 638 460 678 ad
485 637 677 688 vesperam
706 638 754 675 ita
789 644 980 682 certatur,
1005 643 1047 674 ut
1069 643 1174 685 terga
1204 632 1329 673 neutri

49 711 266 748 verterent·‚
304 699 493 748 Helvetii,
528 709 610 749 pars
637 699 758 746 major
788 697 826 735 in
857 704 1028 735 montem
1067 695 1105 735 se
1133 696 1329 746 quendam

49 763 264 813 reciperent
299 760 519 799 vulneribus
548 760 720 806 onerati·,
753 757 836 806 Boji
868 756 1101 807 Tulingique
1129 756 1178 795 ad
1209 757 1331 807 impe.

48 826 220 865 dimenta
248 822 446 873 carrosque
471 822 506 861 se
536 822 727 860 referrent.
765 820 810 859 In
841 818 910 857 hoc
935 820 984 857 ad
1018 818 1186 857 mediam
1213 818 1330 869 usque

49 889 203 927 nostem
231 892 468 935 pugnatum3
500 895 578 922 non
612 881 700 921 viris
736 888 911 928 tantum,
944 879 1006 919 sed
1036 881 1189 920 feminis
1216 888 1332 930 atque

6 947 15 953 '
49 949 177 1003 pueris
201 949 383 987 acerrime
409 946 446 986 se
484 944 805 985 defendentibus:
843 943 1030 993 postremo
1062 951 1193 981 tamen
1220 954 1333 994 capta

50 1009 353 1060 impedimenta,
390 1009 444 1046 ἃ
441 1019 538 1046 cum
571 1004 628 1044 his
656 1003 893 1054 Orgetorigis
919 1002 1017 1051 filia,
1051 1011 1162 1052 atque
1189 1016 1285 1043 unus
1308 1016 1331 1041 r

48 1071 137 1111 filiis
163 1072 257 1119 ejus.
290 1068 444 1116 Hostes,
465 1067 530 1118 qui
547 1066 682 1117 proelio
709 1065 997 1116 supcrfterunt,
1013 1064 1062 1103 ad
1087 1073 1240 1103 centum
1266 1061 1338 1102 tri&

53 1132 158 1183 ginta
189 1130 389 1169 hominum
427 1128 576 1175 millia,
615 1139 845 1178 quamquam
878 1125 1008 1165 labore
1044 1127 1078 1165 Sc
1111 1124 1331 1164 vulneribus

54 1192 133 1234 felli
148 1224 162 1240 ‚
182 1199 264 1231 tota
287 1193 400 1230 nocte
421 1191 663 1229 continenter
683 1189 828 1229 ierunt:
857 1190 892 1228 &
913 1196 1089 1238 quartum
1111 1187 1207 1227 intra
1227 1187 1332 1227 diem

55 1256 95 1295 in
126 1255 219 1295 fines
245 1253 461 1304 Lingonum
482 1252 568 1307 [unt
592 1251 722 1291 delati.

108 1317 329 1358 CXXXIV.
361 1315 505 1365 Cresar,
540 1316 604 1366 qui
634 1323 789 1366 propter
823 1313 978 1353 vulnera
1018 1311 1182 1352 militum
1218 1315 1251 1353 Sc
1281 1312 1336 1351 se·-

53 1380 246 1432 pulturam
273 1377 485 1417 occisorum
515 1377 630 1415 tridui
657 1389 802 1416 moram
829 1376 996 1422 fecerat,
1023 1374 1147 1414 literas
1174 1374 1222 1414 ad
1247 1375 1336 1414 Lin-

27 1494 33 1501 ,
53 1454 172 1495 gones
196 1441 339 1480 mittit:
362 1439 548 1477 Helvetios
560 1437 756 1490 stamnum,
771 1437 888 1476 ullave
913 1438 987 1476 alia
1009 1452 1042 1476 re
1059 1435 1182 1491 juvari
1208 1444 1330 1485 vetat3

51 1507 154 1559 secus
174 1503 348 1556 fhciemes
374 1515 438 1554 pro
463 1501 614 1554 hostibus
646 1501 841 1539 habiturum
868 1502 1043 1541 minatur.
1083 1501 1134 1541 Ea
1159 1511 1214 1538 res
1241 1511 1331 1538 cum

56 1567 108 1606 ad
129 1575 341 1605 extremam
367 1563 537 1613 inopiam
558 1561 754 1603 Helvetios
779 1561 999 1613 redegisset,
1017 1561 1162 1612 legatos
1182 1562 1228 1599 ad
1256 1563 1337 1601 Cae·

56 1625 177 1665 sarem
202 1627 243 1663 de
266 1625 440 1663 deditione
467 1623 635 1662 mittunt.
671 1622 790 1663 Caesar
813 1625 924 1661 codem
944 1623 1013 1663 Ioci
1033 1625 1217 1663 adventum
1233 1623 1338 1673 situm

50 1687 242 1741 praeflulari
266 1686 386 1736 jubet.
436 1685 502 1724 ubl
534 1685 660 1733 venit,
692 1699 813 1733 arma,
845 1686 999 1737 obfides,
1018 1687 1165 1738 servos,
1202 1686 1261 1737 qm'
1290 1685 1340 1723 ‚nl

60 1765 120 1789 eos
135 1749 356 1802 perfugiffim
374 1778 386 1797 ,
415 1747 588 1799 postulat.
624 1748 725 1787 Inter
753 1747 833 1787 haec
857 1747 1113 1798 conquirenda
1143 1760 1231 1786 curn
1258 1759 1338 1787 nox

29 1863 31 1866 .
58 1810 271 1857 incidisset,
296 1809 499 1860 Verbigeni
526 1809 612 1859 pagi
638 1808 839 1855 homines,
858 1807 920 1847 sex
945 1808 1096 1847 circiter
1120 1807 1260 1856 millia,
1287 1808 1337 1847 ad

59 1872 240 1914 Rhenum
262 1869 433 1920 finesque
458 1870 734 1909 Germanorum
760 1868 874 1915 ituri,
899 1868 997 1908 clam
1023 1869 1255 1908 excellerunt
1277 1880 1340 1908 ca-

58 1936 150 1976 stris.
188 1936 272 1974 Hoc
306 1933 370 1972 ubi
402 1928 520 1972 Caesar
552 1932 723 1976 rescivit,
754 1928 915 1977 iisdem,
936 1943 1003 1981 per
1029 1942 1190 1981 quorum
1226 1942 1336 1981 agros

62 1997 312 2043 incesserant,
343 1996 544 2035 denuntiat
579 2007 668 2033 cum
704 1992 815 2032 minis
837 2023 849 2040 ,
883 1992 1029 2032 urillos
1056 1994 1232 2031 reducam.
1282 2004 1340 2031 re-

61 2059 185 2099 ductis
212 2071 280 2109 pro
305 2057 472 2097 hostibus
500 2056 617 2096 utitur
636 2068 644 2096 ε
681 2055 843 2106 reliquos
865 2068 996 2095 omnes
1011 2085 1022 2103 ,
1038 2054 1231 2095 obsidibus
1248 2086 1260 2102 ,
1283 2066 1339 2094 ar-

62 2119 358 2171 mis,'perfugis
381 2120 551 2167 traditis,
583 2120 620 2158 in
643 2120 879 2159 deditionem
908 2117 1057 2169 accipit.

121 2179 329 2223 CXXXV-'—
360 2182 568 2228 Helvetios,
600 2182 768 2233 Tulingos
784 2211 796 2228 ‚
822 2180 1034 2231 Lacobrigos
1059 2179 1109 2217 ad
1129 2179 1199 2231 sem
1222 2175 1343 2215 reverti

64 2243 190 2294 jussit,
213 2243 457 2295 pristinasque
485 2243 587 2282 sedes
614 2243 832 2283 instaurare:
862 2240 1132 2291 Allobrogibus
1157 2240 1340 2289 imperat,

67 2317 107 2344 m
130 2306 297 2357 frumenti
330 2307 464 2359 copiam
496 2306 552 2344 his
582 2304 726 2358 suriant
741 2320 758 2353 ;
794 2305 887 2357 quod
911 2303 1004 2342 nihi!
1040 2304 1199 2340 haherent
1226 2300 1341 2349 dotm',

147 2425 167 2456 Ε
210 2424 396 2458 CXXXIII.
439 2425 527 2458 Plur.
563 2424 706 2458 Diodor.
741 2423 814 2457 Cic.
851 2423 884 2455 in
919 2422 1031 2454 l‘ison.
1072 2433 1101 2452 c.
1140 2419 1173 2452 6.
1211 2417 1343 2452 Sallust.

72 2466 96 2515 5
112 2468 294 2518 CXXXIV.
313 2469 401 2505 l‘lut.
420 2470 564 2508 Diodor.
588 2471 662 2506 Cic.
676 2469 716 2504 ad
734 2470 780 2513 (ὲ.
802 2468 897 2506 t'ntr.
916 2478 928 2502 ι
944 2493 953 2512 ,
970 2478 984 2512 j
1001 2492 1010 2512 ,
1033 2466 1066 2500 &a
1083 2476 1144 2512 pro
1159 2464 1246 2500 dom·
1262 2474 1292 2498 c.
1308 2472 1348 2507 9.
