1675 2959
275 132 375 180 '124
439 111 1463 166 JO.FRE1NSHEM118UPPLEM‚

274 227 506 278 pompejus,
526 225 604 264 hoc
635 223 784 262 honore
816 221 928 261 valde
955 220 1100 268 elatus,
1134 220 1240 271 quod
1271 218 1401 259 consul
1426 217 1561 270 popuii

270 287 463 338 Romani,
496 296 608 338 atque
633 285 711 335 ipse
732 283 900 334 populus
927 283 975 322 ad
999 284 1266 323 auctoritatem
1298 282 1438 333 privati
1463 294 1556 320 con-

267 350 442 401 fugeret,
478 348 598 388 multa
625 347 675 386 de
700 346 813 385 rebus
841 344 913 384 suis
937 344 1139 394 magnifice
1159 343 1338 391 locutus,
1363 343 1557 394 postremo

269 412 395 460 dixit,
409 414 447 462 fi
467 412 544 463 quis
563 409 695 461 sumere
716 408 875 460 gladium
898 407 1006 460 ausus
1028 405 1127 457 esth,
1143 407 1184 458 fi
1207 420 1284 444 cum
1305 407 1407 459 scuto
1426 405 1461 443 6²
1477 405 1559 458 gla-

265 472 327 509 dio
357 470 556 523 affitztrum.
588 481 663 518 quo
689 468 791 507 dicto
822 466 921 506 nihil
948 478 1121 515 unquam
1148 465 1341 504 exciderat
1368 465 1553 515 Pompej0

264 530 540 571 immodestius.
581 529 628 569 Et
654 528 948 568 offendebantur
973 527 1132 578 quidem
1159 526 1265 566 haud
1294 527 1558 577 perfunctorie-

266 594 497 643 optimates3
537 589 603 629 sed
643 603 732 628 cum
762 590 843 628 haec
871 589 1002 629 omnia
1029 588 1087 629 M.
1115 587 1243 632 Crasso
1279 588 1556 639 probarentur,

265 657 331 696 alii
365 668 517 706 quoque
549 655 674 694 minus
710 654 961 693 tetenderunt
995 654 1035 692 in
1068 666 1107 692 re
1143 652 1290 703 populo
1323 651 1556 703 gratiffima:

264 718 399 768 hisque
423 717 574 757 duobus
601 715 858 762 accesserunt,
891 716 958 765 qui
980 716 1016 754 Sc
1038 714 1132 754 boni
1151 714 1241 762 viri,
1262 716 1298 754 ἃ
1320 713 1453 753 Caesari
1476 727 1557 753 non

265 781 481 821 amiciffimi
510 779 769 831 putabantur3
803 776 932 816 adbuc
957 776 1062 815 enim
1095 775 1418 826 conspirationem
1449 774 1556 814 suam

265 841 527 882 occultabant.
1013 864 1015 866 -

318 903 561 945 LXXXVII.
587 901 665 942 Sed
691 908 898 952 eruperunt
922 899 1038 950 paulo
1063 900 1146 951 post
1175 901 1257 949 ejus
1281 899 1336 938 rei
1359 897 1557 938 manifesta

262 964 429 1013 indicia,
457 977 547 1005 cum
571 964 691 1004 Caesar
712 963 833 1002 filiam
848 993 861 1010 ,
882 963 1053 1013 Caepioni
1075 962 1261 1010 Servilio,
1285 962 1345 1001 cui
1369 961 1557 1012 desponsa

261 1027 409 1075 fuerat,
451 1026 635 1076 cujusque
661 1026 851 1076 praecipua
879 1038 996 1076 opera
1022 1025 1203 1064 Bibulum
1238 1025 1554 1075 impugnaverat,

262 1090 457 1129 ademtam
480 1089 663 1139 Pompejo
685 1087 914 1136 collocavit3
941 1088 1116 1138 Pompeji
1134 1087 1252 1126 filiam
1277 1087 1450 1136 Caepioni
1471 1084 1555 1136 pol-

263 1150 421 1190 licitus:
454 1164 687 1201 quamquam
716 1152 752 1191 ὃς
780 1149 843 1189 illa
869 1150 1049 1201 sponsum
1078 1149 1237 1188 haberet
1264 1148 1440 1187 Faustum
1471 1146 1555 1188 Sul-

260 1210 352 1251 lam.
378 1213 470 1253 Haec
488 1212 670 1260 faciebat,
697 1212 933 1262 provinciam
953 1211 1125 1262 cogitans
1144 1224 1152 1250 :
1178 1209 1286 1249 simul
1300 1239 1311 1257 ‚
1333 1222 1381 1248 ne
1397 1239 1406 1255 ,
1433 1208 1468 1248 se
1489 1208 1553 1248 ab·-

261 1273 390 1324 sente,
428 1276 632 1326 pompejus
667 1275 810 1326 aliquid
842 1284 1001 1314 novaret
1037 1287 1103 1324 per
1141 1272 1350 1313 Gabinium
1390 1271 1554 1310 foediffi-

261 1349 371 1376 nium
397 1337 635 1377 adulatorem
666 1336 802 1384 suum,
834 1337 898 1387 qui
926 1335 1060 1375 consul
1084 1336 1122 1374 in
1155 1334 1376 1385 sequentem
1404 1346 1553 1375 annum

263 1399 546 1439 destinabatur:
584 1398 664 1450 ipse
696 1398 942 1449 Calpurniam
981 1398 1117 1443 duxit,
1148 1406 1191 1436 ut
1221 1405 1368 1446 patrem
1397 1396 1478 1443 ejus
1506 1394 1548 1434 L.

260 1458 460 1507 Pisonem,
494 1473 610 1511 quem
646 1459 806 1499 alterum
839 1459 974 1499 facturi
999 1456 1196 1501 consulem
1227 1466 1357 1504 erant,
1395 1454 1466 1494 hac
1497 1455 1554 1494 af..

265 1522 415 1562 finitate
442 1523 686 1572 pignoratum
708 1521 888 1566 haberet3
912 1534 992 1560 non
1021 1517 1280 1559 dissimulante
1304 1519 1473 1565 Catone,
1495 1526 1552 1556 ta-

262 1582 368 1623 libus
392 1584 535 1633 nuptiis
559 1583 691 1622 dotem
712 1595 733 1621 a
750 1581 948 1632 republica
970 1581 1171 1630 imperium
1190 1581 1227 1620 δε
1247 1580 1438 1618 exercitus
1461 1578 1553 1617 dari,

318 1644 580 1686 LXXXVIII.
603 1645 686 1684 Post
709 1644 808 1682 hanc
824 1642 1073 1690 affinitatem,
1094 1641 1213 1681 Caesar
1229 1641 1269 1679 in
1292 1640 1423 1679 senatu
1443 1640 1554 1679 Pom-

262 1707 395 1757 pejum
427 1706 593 1755 primum
629 1705 859 1744 sententiam
888 1716 1020 1755 rogare
1055 1704 1198 1753 coepit,
1231 1714 1320 1740 cum
1361 1701 1416 1741 M.
1448 1699 1556 1741 Cras-

263 1769 347 1810 sum
377 1768 538 1810 soleret:
576 1772 685 1818 cujus
712 1769 763 1808 rei
788 1769 974 1807 rationem
1003 1767 1148 1807 senatui
1179 1766 1416 1805 reddendam
1443 1774 1555 1815 puta-

263 1831 342 1879 vit,
367 1831 455 1881 quia
483 1831 596 1870 moris
615 1840 808 1887 'erat,ut,
826 1843 940 1881 quem
965 1831 1047 1880 quis
1073 1829 1233 1880 rogandi
1257 1827 1461 1867 sententias
1481 1826 1554 1868 Ka-

263 1893 390 1934 lendis
423 1894 610 1943 Januariis
636 1892 847 1933 instituisset
873 1893 1077 1941 ordinem,
1112 1905 1198 1931 eum
1232 1900 1313 1930 toto
1343 1902 1442 1929 anno
1475 1888 1550 1927 ser-

265 1965 394 1995 varet:
425 1956 463 1994 id
489 1969 640 2006 quoque
670 1967 771 1995 novo
803 1968 930 2003 more,
959 1967 1047 1994 cum
1070 1954 1191 2003 olim,
1213 1955 1275 2004 qui
1306 1954 1484 2004 princeps
1508 1953 1549 1989 in

261 2015 434 2057 senatum
462 2018 553 2057 effet
578 2018 721 2065 lectus,
758 2018 872 2057 etiam
901 2016 1095 2056 sententiae
1120 2017 1293 2058 dicendae
1327 2014 1417 2053 effet
1450 2012 1552 2064 prin-

263 2090 365 2130 ceps.
389 2081 447 2119 Ne
473 2080 520 2118 slC
542 2081 698 2129 quidem
717 2081 882 2118 mutavit
904 2079 1128 2119 sententiam
1158 2077 1312 2118 Bibulus
1327 2107 1337 2123 ,
1361 2076 1451 2125 quin
1474 2087 1551 2125 ope

260 2143 378 2181 trium
418 2143 659 2183 tribunorum
698 2143 849 2194 plebis,
883 2142 951 2182 Cn.
976 2142 1166 2187 Domitii,
1193 2141 1242 2190 Q.
1273 2139 1477 2185 micharii,
1508 2137 1551 2177 C.

259 2203 425 2250 Fannii,
449 2203 646 2252 suffultus,
673 2204 798 2255 legem
829 2206 1036 2255 impediret
1075 2212 1181 2247 tanta
1211 2201 1450 2252 pervicacia,
1479 2207 1550 2246 ut,

264 2264 470 2304 consumtis
500 2264 679 2305 omnibus
715 2278 831 2304 morae
860 2264 977 2305 caufis
995 2294 1005 2311 ‚
1035 2264 1084 2303 ad
1110 2272 1322 2302 extremum
1349 2262 1388 2300 in
1417 2262 1549 2310 singu-

267 2434 286 2462 2
312 2382 544 2465 §VLSCXXVL
558 2383 628 2417 Cic.
643 2383 684 2416 ad
699 2382 806 2416 Attic.
826 2392 840 2413 2
853 2409 862 2424 ‚
883 2392 935 2423 17.
957 2381 978 2428 S
995 2380 1198 2416 LXXXVII.
1217 2380 1357 2414 Sueton.
1374 2379 1407 2411 in
1419 2376 1501 2416 Caes.
1520 2388 1551 2412 ε,

290 2450 300 2462 .
357 2439 375 2462 e
404 2439 446 2472 cJ.
471 2438 487 2460 2
503 2452 512 2470 ‚
536 2439 593 2470 44.
