1675 2959
279 93 372 144 292
448 79 539 129 JO.
573 74 1074 126 FREINSHEMII
1114 79 1475 129 SUPPLEM.'

276 187 372 226 tiam
399 186 575 233 dixerat,
601 201 642 224 ne
663 187 750 238 quid
772 185 979 238 conjunb't'im
1000 187 1177 238 referretur
1187 203 1204 236 ‚-
1231 189 1325 240 quod
1345 199 1478 241 tempus
1501 186 1565 225 im-

268 250 362 302 perii
390 249 556 302 Pompejo
583 249 734 286 nondum
762 247 907 286 exierat.
948 247 1094 288 Contra
1113 249 1252 297 CurIO,
1271 252 1446 304 summam
1473 263 1564 287 rema

266 312 449 362 publicam
465 312 551 364 agi,
569 308 874 356 vociferabatu13
890 324 996 361 neque
1010 322 1073 349 aut
1087 325 1208 363 pacem
1227 324 1292 350 aut
1311 312 1502 351 libertatem
1523 310 1563 348 in

269 385 346 411 tuto
362 374 466 424 fine,
493 373 562 422 nist
582 383 646 408 aut
671 371 771 408 ambo
798 372 1001 422 deponerent
1020 373 1214 424 imperium,
1234 385 1300 411 aut
1321 374 1422 413 ambo
1439 374 1561 411 retine-

266 445 353 472 rent.
384 434 484 471 Nam
504 434 538 470 G·
561 432 606 469 ab
625 431 812 469 inermibus
840 432 936 469 nihil
952 432 1128 484 periculi,
1155 431 1192 470 G’
1205 434 1245 483 fi
1263 446 1399 486 uterque
1425 433 1563 471 haberet

267 494 454 534 exercitum
467 522 480 537 ‚
504 503 624 530 contra
644 492 789 530 alterius
807 492 1039 545 cupiditates,
1055 494 1094 532 in
1113 494 1222 532 altero
1233 496 1427 546 praefidium
1436 495 1530 547 fhre.

323 554 375 593 X.
409 553 505 592 Haec
536 552 576 590 in
614 551 783 601 speciem
815 561 895 592 tam
931 552 1089 593 honesta
1116 553 1263 606 populo
1293 556 1389 595 mire
1420 556 1559 607 proba-

263 615 431 664 bantur,
465 614 528 652 cui
560 613 735 664 alioquin
759 613 810 653 ob
844 614 971 665 legem
1001 616 1196 665 ambitus,
1226 630 1302 667 qua
1336 616 1557 668 largitiones

261 676 395 716 accisae
428 675 604 722 fuerant,
645 684 817 725 coeperat
843 675 1049 726 Pompejus
1083 676 1158 716 esse
1184 677 1308 718 vilior.
1347 680 1424 720 Sed
1453 679 1557 730 apud

261 746 410 777 ceteros
435 737 618 776 mortales
642 738 850 778 auctoritas
878 740 961 787 ejus
993 741 1030 779 &
1053 739 1160 779 fama
1189 739 1306 791 longe
1328 751 1408 781 erat
1436 743 1557 781 maxi-

258 813 345 847 ma3
371 800 486 850 idque
502 800 579 838 hoc
604 807 779 850 tempore
796 801 990 850 apparuit,
1012 814 1101 841 cum
1118 802 1371 852 Campaniam
1393 804 1553 852 obiens,

255 859 425 911 Neapoli
463 863 625 911 graviter
659 869 845 911 aegrotare
876 861 1063 912 coepiss‘et.
1106 863 1209 903 Tum
1239 864 1368 912 enim,
1397 867 1553 905 auctore

254 922 499 973 meagora,
531 923 778 973 Neapolitani
808 937 879 974 pro
909 924 1030 964 salute
1061 927 1145 975 ejus
1175 925 1332 977 publice
1360 936 1452 967 vota
1471 927 1553 967 sus-

255 991 469 1033 ceperunt,
509 983 572 1032 qui
602 990 690 1021 ante
720 995 809 1022 eum
839 982 966 1023 honor
995 986 1145 1024 nemini
1175 986 1352 1026 Romano
1382 988 1552 1038 contige-

251 1038 400 1085 rat:'&
426 1043 503 1082 hoc
530 1043 782 1092 exemplum,
811 1043 896 1081 aliis
918 1058 1069 1090 amore,
1094 1047 1225 1083 multis
1249 1057 1316 1095 per
1341 1047 1549 1084 simulatio-

251 1117 344 1145 nem
370 1106 475 1156 paria
503 1104 759 1153 facientibus,
782 1103 954 1143 universa
976 1104 1122 1144 imitata
1146 1104 1258 1144 Italia
1282 1105 1346 1145 est.
1371 1106 1546 1154 Deinde,

251 1169 455 1219 ‘postquam
491 1167 710 1216 convaluit,
745 1168 920 1207 inaudita
954 1167 1087 1218 passim
1114 1167 1246 1207 laetitia
1273 1170 1309 1208 ἃ
1340 1169 1544 1219 gratulatio

251 1240 336 1268 orta
354 1260 365 1277 ,
392 1232 565 1269 coronati
593 1229 865 1280 Neapolitani,
892 1231 1066 1270 coronati
1089 1230 1310 1279 Puteolani,
1337 1230 1440 1271 feriae
1462 1231 1545 1272 ubi-

248 1293 306 1333 vis
332 1292 560 1343 permultos
589 1293 670 1332 dies
694 1293 863 1331 fuerunt.
1030 1326 1040 1337 .

322 1354 391 1394 Xl.
427 1355 673 1404 Quocunque
701 1353 856 1402 adimet,
888 1353 1037 1393 infinita
1071 1353 1279 1394 multitudo
1305 1356 1543 1406 procedebat

248 1415 425 1456 obviarn:
451 1417 523 1454 vici
555 1417 762 1468 portusque
783 1417 1073 1457 sacrificantium
1091 1418 1408 1469 epulantiumque
1422 1421 1541 1470 agmi-

245 1480 360 1520 nibus
389 1479 709 1530 complebantur:
744 1481 1006 1531 excipiebatur
1034 1494 1124 1520 cum
1151 1482 1321 1529 facibus,
1350 1484 1392 1522 in
1420 1483 1539 1522 dedu-

244 1543 373 1581 cendo
407 1541 565 1581 floribus
591 1540 849 1594 spargebatur.
889 1544 1013 1592 Atque
1042 1556 1086 1582 ea
1118 1556 1176 1582 res
1204 1544 1366 1583 mirifice
1392 1545 1539 1584 inflavit

240 1604 496 1654 Pompejum,
524 1615 567 1643 ut
588 1606 667 1654 jam
693 1605 804 1644 valde
827 1605 1012 1655 inciperet
1033 1615 1296 1645 comtemnere
1325 1606 1534 1658 Caesarem,

241 1666 448 1717 minusque
475 1666 512 1705 se
536 1676 683 1716 pararet
708 1668 756 1706 ad
782 1675 860 1706 tam
892 1679 1004 1718 grave
1028 1677 1233 1708 certamen.
1269 1668 1448 1708 Praemisxt
1477 1676 1537 1708 ta-

239 1743 332 1769 men
353 1730 403 1770 ad
425 1730 597 1770 senatum
627 1730 782 1779 literas,
807 1733 866 1780 &‚
891 1730 1042 1770 Caesaris
1062 1730 1277 1770 honorifica
1307 1732 1407 1771 faeta
1427 1744 1534 1771 men-

236 1794 368 1840 tione,
398 1792 446 1831 ad
474 1791 626 1831 suarum
655 1805 780 1832 rerum
807 1793 1136 1832 enumerationem
1159 1794 1330 1843 transiit,
1363 1807 1456 1844 quas
1482 1793 1530 1834 ab

237 1853 349 1893 initio
374 1854 421 1892 ad
450 1866 493 1892 ea
521 1853 637 1904 usque
665 1865 840 1904 tempora
863 1853 1035 1904 geffiffet.

306 1914 396 1954 Xll.
429 1915 552 1965 Neque
575 1916 615 1967 sc
638 1912 804 1966 affeffaffi
832 1914 959 1953 nimios
988 1916 1155 1954 honores:
1171 1915 1238 1967 sed
1270 1916 1404 1954 tertium
1441 1930 1528 1955 con-

228 1976 412 2030 sulatum,
439 1976 689 2028 exercitumque
721 1977 755 2015 ἃ
775 1977 981 2029 provincias
1005 1975 1097 2015 ultro
1124 1976 1288 2023 delatas,
1311 1990 1379 2028 quo
1410 1976 1526 2029 praefi—

234 2039 332 2076 dium
355 2039 597 2091 constituenda:
625 2038 819 2090 reipublicae
848 2039 1004 2087 haberet,
1039 2038 1212 2091 accepiffi‘.
1250 2040 1358 2077 Nunc
1386 2051 1524 2086 autem,

233 2115 311 2154 quae
337 2100 465 2151 ingesta
506 2101 677 2153 recusanti
706 2100 823 2152 effint,
853 2101 1024 2140 volentem
1043 2102 1080 2152 se
1102 2101 1238 2139 reddere
1273 2099 1526 2151 repetentibus,

233 2163 314 2200 licet
339 2163 491 2198 nondum
526 2165 683 2199 exustum
719 2162 853 2212 imperii
877 2175 1011 2214 tempus
1034 2163 1182 2200 haberet.
1215 2162 1301 2201 Hoc
1330 2174 1377 2200 eo
1402 2160 1525 2210 perti-

233 2223 373 2271 nebat,
403 2231 445 2262 ut
473 2224 508 2263 δε
532 2222 639 2262 suam
677 2223 902 2262 modestiam
937 2223 1246 2271 commendaret,
1275 2225 1310 2262 ἃ
1335 2221 1521 2261 invidiam

286 2344 305 2375 G.
332 2339 389 2375 lx.
416 2342 562 2386 Appian.
586 2342 678 2374 civil.
698 2343 720 2373 l.
740 2353 771 2374 2.
791 2342 862 2374 Cic.
879 2341 1030 2374 familiar.
1048 2341 1065 2372 S
1083 2368 1090 2380 ,
1113 2341 1144 2372 S.
1169 2341 1188 2383 ξ
1208 2341 1249 2373 X.
1266 2340 1408 2372 Diodor.
1428 2340 1519 2373 Piur.

231 2387 267 2422 in
294 2387 408 2432 Pomp.
434 2399 462 2421 c.
489 2386 542 2430 56,
567 2386 587 2432 §
609 2385 671 2422 Xl.
694 2386 818 2431 Vellej.
838 2397 857 2420 2
872 2413 882 2428 ,
904 2387 958 2428 48.
983 2386 1053 2420 Cic.
1071 2385 1171 2420 Tusc.
1194 2384 1307 2430 quaest.
1328 2396 1339 2418 ι
1356 2410 1365 2428 ,
1387 2395 1443 2430 35.
