1675 2959
280 111 426 157 <m
472 111 639 157 Loc,
685 111 827 159 Lm.
879 112 984 159 civ
1030 115 1177 161 L1v.
1331 115 1416 166 161

135 215 313 265 tiquitus1
327 214 540 267 spretores,
571 230 666 257 mox
693 217 894 259 avidiffimi
917 219 1007 260 facti
1023 250 1034 269 ‚
1057 221 1255 271 postquam
1277 223 1419 264 Roma-

135 290 272 317 norum
300 282 542 320 commerciis
570 281 776 321 utilitatem
798 285 879 331 ejus
901 282 1182 324 intellexerunt.
1214 285 1298 325 Alia
1320 285 1420 325 mul-

133 350 197 388 ta,
226 354 308 390 quae
341 341 388 380 de
422 342 593 381 moribus
627 354 759 382 eorum
789 344 948 384 Tacitus
984 344 1141 394 retulit,
1176 348 1418 397 procuranda

133 403 287 449 Belgica
324 403 472 443 vicinus
500 403 573 442 illis
610 404 821 454 notusque,
860 405 928 459 (Sc
964 418 1047 455 quae
1088 406 1266 447 a‘ccurato
1297 422 1416 459 opere

132 464 335 516 Philippus
365 467 630 522 Cluverius‚)
663 477 862 518 propterea
888 469 994 517 quod
1029 470 1205 509 omnium
1238 473 1418 512 manibus

130 529 296 567 auctoris
324 529 452 567 eximii
483 542 598 579 opera
619 539 815 578 teruntur,
841 539 1034 579 praetereo.
1065 531 1163 570 Cum
1191 531 1418 582 hujusmodi

129 589 307 636 gentibus
342 599 423 628 tum
458 591 626 635 primum
659 588 727 626 sub
756 589 915 627 nomine
948 590 1225 631 Germanorum
1256 593 1418 632 dimica-

128 655 236 683 turus
264 646 430 696 populus
456 646 674 693 Romanus
704 649 767 698 qui
798 650 933 698 domi,
963 651 1104 700 quique
1136 652 1285 693 militiae
1310 664 1416 703 erat„

129 704 233 745 laud
261 707 440 747 tralatitia
463 720 554 747 cura
578 709 655 748 sele
675 709 881 759 affligebat.

183 769 351 810 XXVII.
376 769 420 809 In
447 770 572 808 castiis
602 769 713 808 multi
736 779 842 808 erant
866 770 1131 811 adolescentes
1153 743 1324 823 nobiles,
1348 788 1418 825 pet

128 829 341 868 amicitiam
372 830 489 869 secuti
515 830 726 876 Caesarem,
759 832 794 869 Sc
822 831 912 880 quia
939 831 1099 871 mollem
1126 832 1195 872 sub
1229 846 1276 873 eo
1305 847 1415 885 quae-

127 890 368 940 stuosamque
402 891 583 930 militiam
621 890 890 941 speraverant:
935 892 1073 942 quibus
1104 894 1170 934 ille
1198 896 1414 943 tribunatus

124 952 438 997 praefecturasque
463 953 627 986 dederat
668 953 717 987 Hi
746 954 883 999 partim
908 963 976 998 per
999 956 1118 997 varias
1148 957 1278 996 Causas
1307 968 1414 997 com-

123 1018 295 1048 meatum
325 1007 506 1058 petebant
531 1020 552 1046 a
576 1006 749 1047 Caesare:
778 1010 915 1059 partim
946 1011 1094 1060 pudore
1122 1013 1331 1065 prohibiti,
1353 1028 1413 1060 ta-

123 1084 214 1112 men
245 1084 325 1109 non
358 1068 641 1109 diffimulabant
668 1079 839 1119 metum,
865 1070 1018 1123 satique
1043 1074 1208 1126 inflantis
1232 1080 1410 1118 acerbita-

121 1146 187 1173 tem
223 1133 319 1180 soli,
344 1141 410 1171 aut
436 1134 535 1171 inter
560 1130 769 1172 familiares
799 1132 1020 1182 deflebant,
1044 1137 1137 1187 quod
1158 1137 1411 1191 immamffimis

120 1196 310 1248 gentibus,
335 1195 460 1246 quibus
497 1193 599 1230 nulla
630 1193 730 1245 resisti
765 1194 804 1232 vi
829 1194 983 1232 humanu
1009 1196 1142 1248 poffit,
1173 1200 1410 1251 objicerentur.

126 1258 225 1308 Ergo
257 1259 293 1296 ἃ
324 1255 397 1295 alia
426 1255 609 1294 indecore
635 1254 807 1303 fiebant,
830 1256 868 1295 &
891 1256 1070 1296 timorem
1099 1260 1284 1300 incitabat
1307 1264 1410 1304 mili.

124 1327 205 1358 tum
224 1349 234 1368 ‚
267 1318 372 1369 quod
405 1317 539 1368 paffim
569 1317 685 1356 etiam
712 1317 752 1355 in
783 1318 979 1369 principiis
1007 1320 1233 1363 testamenta
1263 1323 1408 1366 scribe-

123 1380 273 1420 bantur.
314 1378 456 1427 Caesar‚
483 1378 739 1428 trepidatione
765 1381 951 1419 exercitus
977 1383 1133 1434 cognita
1149 1413 1160 1431 ‚
1189 1384 1356 1426 alienum
1383 1400 1407 1429 a

121 1442 295 1493 praesenti
317 1441 414 1480 statu
441 1443 614 1491 putavit,
630 1442 670 1480 in
688 1443 919 1482 concionem
946 1456 1036 1484 eum
1061 1445 1266 1497 advocati,
1284 1451 1406 1499 priusf

120 1517 235 1555 quam
261 1505 437 1544 ductores
468 1504 794 1545 confirmarentur.

173 1564 358 1608 XXVIII.
378 1566 496 1617 Igitur
518 1566 684 1607 concilio
710 1575 925 1607 convocato
939 1599 951 1619 ,
972 1570 1227 1623 omnibusque
1250 1568 1416 1615 adhibi-³

117 1629 167 1672 tis
190 1629 489 1677 centurionibus,
516 1630 647 1668 nullam
668 1630 730 1683 effe
751 1632 893 1684 caufizm
913 1633 1056 1670 timendi
1075 1633 1211 1682 docet,
1231 1650 1271 1675 ne
1289 1638 1405 1675 'Ario-

116 1691 225 1742 vistus
239 1691 363 1743 solvat
384 1692 573 1729 amicitiam
587 1702 660 1730 tam
681 1692 862 1746 diligenter
880 1695 1048 1746 quaefitam
1065 1696 1099 1734 6·
1121 1698 1241 1748 cupide
1260 1697 1401 1738 initam.

123 1755 233 1804 Quod
244 1755 282 1803 fi
294 1755 444 1791 maxime
465 1754 525 1792 ille
548 1755 728 1808 insaniat,
756 1770 826 1794 non
851 1757 927 1795 ideo
954 1759 1213 1811 despondendos
1241 1761 1404 1811 animos,

115 1827 285 1868 tanquam
310 1817 353 1853 ob
377 1832 444 1854 rem
470 1831 599 1856 novam
623 1819 658 1857 ἂν
677 1830 844 1867 atrocem,
869 1819 941 1871 effe.
985 1822 1139 1860 Cimbros
1165 1824 1201 1862 δ’
1227 1824 1400 1862 Teutones

114 1877 214 1917 clade
224 1880 295 1932 sua
304 1880 400 1931 fiatis
418 1879 588 1931 docuff,
610 1895 671 1918 nec
689 1881 851 1919 invielam
872 1882 936 1933 effi
958 1883 1205 1922 Germanorum
1214 1884 1399 1936 ferociam,

117 1955 180 1979 nec
198 1942 302 1979 valde
337 1941 508 1995 difficilem
541 1943 652 1981 vinci.
677 1944 815 1997 sperare
826 1946 889 1997 fe,
918 1959 988 1983 non
1011 1947 1235 1985 deterioribus
1261 1947 1401 1999 uficrum

115 2004 306 2051 militibus,
328 2019 431 2056 quam
458 2004 605 2042 Marius
635 2005 825 2058 habuiffle:
851 2022 913 2045 nec
939 2008 1032 2060 ipsbs
1064 2008 1172 2047 multo
1205 2010 1399 2061 inferiorem

113 2065 311 2118 cognituros
334 2066 580 2117 imperatorem«.
603 2067 727 2104 Etiam
751 2069 914 2120 Spartaci
938 2069 1027 2107 bello
1046 2070 1176 2108 deletas
1201 2072 1401 2110 Germano-

112 2140 186 2164 rum
205 2128 383 2164 maximas
403 2128 523 2179 copias
548 2143 570 2165 a
589 2129 736 2167 ducibus
755 2144 825 2167 non
847 2131 1017 2167 maximis
1034 2131 1107 2182 effe.
1138 2133 1223 2170 Cum
1246 2133 1303 2170 lzis
1317 2133 1400 2186 ipfis

111 2189 262 2241 hostibus
277 2203 339 2241 per
365 2204 424 2228 eos
444 2204 555 2228 annos
578 2192 669 2243 saepe
695 2191 883 2232 Helvetios
899 2192 1064 2245 pugnaffe
1079 2224 1092 2239 ,
1118 2194 1239 2245 eofique
1263 2208 1331 2231 non
1359 2196 1398 2232 in

104 2251 174 2302 suo
198 2261 356 2298 tantum,
375 2249 443 2301 sed
467 2251 573 2289 etiam
601 2253 638 2289 in
663 2252 801 2291 illorum
829 2253 910 2305 fhlo
938 2253 1079 2305 viciffi:
1105 2256 1263 2307 quorfitm
1290 2257 1402 2307 zgitur

159 2373 181 2417 §
205 2374 331 2406 XXVI.
352 2375 440 2407 Flor.
459 2385 499 2418 3,
527 2387 581 2410 10.
605 2377 682 2412 Liv.
705 2378 799 2424 Epit.
819 2378 963 2413 Diodor‚
982 2378 1066 2413 Ces.
1088 2379 1178 2412 Plut.
1201 2378 1224 2423 5
1248 2378 1398 2423 xxva,

111 2409 256 2452 Diodor
282 2418 477 2452 Caes.P1ut.
841 2442 846 2446 -

211 2476 262 2523 T.
291 2478 386 2523 LiV.
414 2478 511 2521 Vol.
534 2477 603 2527 Χῖ
1157 2475 1194 2524 L
