1675 2959
284 135 350 186 ας
447 103 1085 184 10.ΡΗΕΙΝ’8ΗΕΜΙΙ
1128 130 1484 180 SUPPLEM.·

343 242 460 283 XIX.
493 241 569 282 Sed
594 241 661 281 ubi
692 241 901 291 Pompejus
927 241 969 279 in
1001 239 1223 279 Armeniam
1261 239 1450 279 minorem
1485 247 1581 277 con-

287 303 403 344 vertit
426 316 588 354 agmen,
614 310 790 342 metuens
822 301 860 340 ei
892 313 961 352 per
995 299 1208 340 absentiam
1235 300 1343 344 suam
1371 298 1582 340 Mithrida-2.

285 371 347 407 tes
363 395 374 414 ,
393 365 533 404 eodem
557 376 647 403 cum
670 361 862 414 phalange
887 361 1041 412 triginta
1067 360 1260 409 millium,
1287 363 1323 400 δε
1344 359 1464 399 tribus
1491 357 1579 398 mil-

281 428 389 468 libus
409 429 584 478 equitum
606 426 739 466 movit.
762 426 973 464 veteranus
989 424 1053 466 hic
1080 432 1183 472 erat,
1201 425 1238 464 &
1257 436 1306 462 ex
1327 423 1435 462 omni
1456 434 1578 472 regno

285 504 379 533 cum
407 502 498 529 cura
529 488 652 528 lectus
681 487 893 527 exercitus:
923 499 1039 536 quem
1063 494 1146 525 tum
1175 487 1216 524 in
1253 493 1429 525 montem
1458 496 1580 534 quen-

285 554 380 597 dam
404 553 568 596 arduum
590 549 860 600 munitumque
876 548 1081 595 subduxit,
1099 547 1273 600 (Dastira
1295 547 1514 597 vocabant)
1537 547 1580 584 in

286 616 477 657 Acisilena
504 615 628 654 situm.
666 613 725 653 Ibi
754 612 880 652 castris
912 611 1068 662 positis,
1096 610 1246 652 hostem
1279 618 1440 648 atterere
1470 619 1583 651 mora

283 678 534 729 sedendoque
559 676 785 716 conabatur.
811 687 930 722 nam,
963 673 1068 724 quod
1091 673 1131 711 in
1163 673 1286 711 amica
1309 671 1463 723 regione
1486 681 1582 709 con-

283 742 460 790 sederat,
487 741 677 791 promtius
707 738 773 790 ipfi
804 743 1046 775 commeatus
1071 733 1398 774 subvehebantur.

344 811 440 851 XX.
474 809 624 850 Interea
645 820 712 858 per
742 806 891 856 equites
907 834 919 852 ‚
948 816 1021 854 qua
1045 810 1153 854 parte
1178 802 1321 840 virium
1352 800 1578 851 praestabat,

284 870 487 927 planitiem
511 869 723 919 subjectam
753 865 981 906 incursando
997 896 1012 913 ‚
1040 863 1201 903 subinde
1226 862 1446 913 excipiebat
1469 860 1580 912 quos-

287 934 406 981 dam,
437 931 572 972 multis
604 942 759 981 quoque
786 928 834 968 ad
867 928 979 967 illum
1002 939 1047 966 ea
1075 925 1123 965 de
1148 925 1260 964 causa
1281 923 1581 974 transfugienti-

284 996 373 1037 bus.
399 996 551 1037 Mutata
578 993 720 1034 deinde
743 1004 832 1032 cum
851 990 940 1031 loco
964 990 1120 1029 fortuna
1143 987 1217 1035 est,
1242 987 1443 1038 postquam
1466 984 1583 1025 omis-

284 1058 371 1098 sum
389 1071 410 1098 a
435 1057 663 1098 Mithridate
688 1055 824 1106 jugum
852 1053 1058 1103 Pompejus
1083 1049 1211 1090 castris
1241 1048 1465 1099 occupavit.
1489 1048 1583 1088 Pro-

283 1129 373 1173 pter
405 1133 512 1170 aquae
550 1118 752 1170 penuriam
787 1115 1034 1157 Mithridates
1071 1112 1275 1162 reliquerat
1311 1111 1472 1149 locum:
1514 1108 1582 1148 sed

285 1183 495 1232 PompeJus
515 1193 563 1221 ex
586 1180 770 1220 fruticum
793 1186 1009 1229 proventu,
1029 1173 1191 1225 sltusque
1217 1172 1370 1221 indole,
1393 1171 1499 1222 quod
1520 1183 1589 1212 ree*

283 1253 368 1284 erat
394 1244 655 1291 conjectatus,
695 1248 833 1292 puteos
859 1237 945 1277 fodi
980 1235 1096 1286 justit,
1132 1242 1314 1284 tantaque
1345 1244 1437 1273 mox
1469 1244 1578 1282 aquae

283 1305 484 1347 affluentia
512 1303 610 1351 fuit,
638 1311 682 1341 ut
715 1300 866 1341 tamdiu
896 1298 972 1338 hoc
1006 1295 1193 1349 ignorasse
1215 1293 1486 1335 Mithridatem
1509 1292 1583 1332 mi-

285 1377 466 1408 rarentur.
495 1364 715 1405 Accedebat
732 1362 838 1403 aliud
863 1374 909 1401 ex
931 1360 1086 1412 ingenio
1106 1359 1284 1399 locorum
1299 1357 1587 1407 commodum,

287 1430 394 1480 quod
419 1428 539 1467 obsita
565 1426 739 1476 virgultis
764 1427 799 1465 &
824 1423 1025 1464 arboribus
1049 1424 1154 1474 regio
1181 1420 1337 1472 tegebat
1358 1420 1584 1468 Romanos,

284 1506 337 1537 ne
359 1493 533 1542 equitum
566 1492 602 1530 &
631 1488 909 1540 sagittariorum
929 1488 1124 1537 regiorum
1149 1483 1363 1525 excursibus
1385 1491 1585 1534 paterent.-

286 1554 433 1597 Eadem
470 1565 527 1593 res
562 1551 764 1592 admonuit
784 1550 1038 1600 Pompejum‚
1064 1557 1108 1587 ut
1130 1547 1282 1586 infidias
1305 1545 1491 1597 equitatui
1508 1542 1582 1584 ho.-

285 1616 424 1662 stium,
461 1614 558 1653 natis
582 1613 632 1652 ad
663 1625 748 1652 eam
768 1611 944 1651 fraudem
978 1609 1164 1657 vallibus,
1195 1608 1366 1648 strueret.

341 1684 456 1727 XXI.
492 1683 609 1734 Igitur
645 1683 763 1721 noc'tu
791 1680 911 1720 tribus
940 1678 1074 1719 leviter
1109 1687 1346 1719 armatorum
1378 1674 1582 1723 millibus,

288 1762 380 1793 cum
400 1746 593 1798 equitibus
615 1745 837 1797 quingentis
852 1775 863 1792 ,
890 1744 987 1783 inter
1014 1744 1091 1783 duo
1115 1741 1232 1782 castra
1259 1738 1483 1786 occultatis,
1503 1737 1582 1786 pti-

287 1824 354 1856 ma
377 1810 465 1850 luce
488 1821 631 1861 paucos
655 1808 757 1847 misit
773 1808 823 1847 ad
851 1806 993 1846 vallum
1019 1807 1120 1856 tegis
1146 1804 1317 1856 equites,
1346 1802 1398 1840 ita
1421 1801 1579 1849 decios,

289 1887 331 1919 ut
367 1887 504 1926 operam
531 1873 677 1917 darent,
709 1885 775 1923 quo
808 1868 989 1921 universus
1015 1868 1193 1920 equitatus
1227 1864 1359 1918 hostilis
1394 1863 1582 1902 diceretur.

286 1951 328 1978 eo
341 1936 465 1989 fiu‘lo,
481 1932 634 1986 servatis
658 1932 839 1972 ordinibus
858 1932 897 1982 se
910 1931 1161 1982 subducerent,
1188 1929 1291 1966 donec
1318 1925 1455 1977 insidiis
1468 1923 1579 1976 secifi

283 1997 363 2052 fint
394 1995 588 2046 erumpendi
613 1995 914 2047 opportunitatem.
951 1991 1095 2031 Omnia
1122 1988 1346 2029 obedienter
1379 1984 1578 2024 industrie>

288 2071 364 2111 que
395 2058 505 2097 facita.
535 2054 733 2096 Successus
759 2056 876 2096 etiam
901 2051 1177 2103 exspectationi
1204 2063 1271 2101 par
1294 2047 1415 2088 affuit.
1442 2046 1579 2097 Regii,

289 2133 392 2161 novo
408 2151 420 2168 ‚
446 2119 548 2157 unde
571 2118 728 2156 minime
757 2124 1010 2168 putaverant,
1040 2113 1147 2153 hoste
1173 2112 1390 2157 emicante,
1414 2120 1577 2147 conver·

287 2184 334 2228 sis
360 2183 497 2230 etiam,
518 2194 683 2232 quorum
704 2179 821 2232 paulo
842 2188 930 2221 ante
959 2186 1063 2227 terga
1087 2175 1282 2220 viderant,
1310 2171 1429 2219 territi
1449 2200 1460 2219 ,
1487 2181 1579 2209 cum

289 2247 468 2298 utrinque
496 2245 757 2292 caederentur,
799 2245 834 2283 δι
869 2242 987 2293 pedes
1012 2239 1127 2279 etiam
1155 2237 1333 2279 cominus
1367 2231 1579 2284 suggressus

336 2386 358 2429 5
382 2384 473 2418 XIX.
497 2383 597 2416 Oros.
625 2384 666 2423 6,
688 2394 718 2423 4,
743 2383 831 2416 Plut.
858 2383 1002 2428 Appiam.
1031 2381 1139 2416 Strab.
1160 2381 1180 2412 1.
1212 2390 1259 2413 12.
1284 2375 1425 2410 Diodor.
1447 2373 1472 2421 5
1497 2372 1581 2412 XX*

288 2439 382 2479 {lu-1.
404 2439 545 2472 Diodot.
572 2437 687 2476 From.
713 2449 748 2479 1,
771 2448 802 2478 5.
