1675 2959
238 71 241 77 ’
306 76 404 136 '204
467 77 565 125 JO.
601 79 1107 130 FREINSHEMII
1142 83 1527 131 SUPPLEM.

307 189 528 226 mutarunt:
565 185 746 237 idemque
781 200 801 226 a
835 195 942 241 parte
979 188 1153 239 senatus,
1187 204 1270 241 quae
1305 189 1506 230 consulum
1537 190 1592 230 se-

305 245 410 283 «stam
435 245 681 296 sequebatur,
709 248 936 289 faciitatum.
962 250 1049 290 Cito
1067 260 1195 291 tamen
1219 252 1385 292 resumta
1409 253 1487 301 est,
1510 261 1591 292 tam

304 306 385 347 sine
413 308 549 359 causa,
571 323 684 360 quam
709 312 828 361 posita
851 313 970 352 modo
996 315 1137 354 fuerat.
1174 317 1249 356 Sed
1276 316 1399 368 dispar
1426 316 1591 356 consuli.

307 366 383 407 bus
413 368 507 409 ficut
533 381 736 421 apparatus
768 375 803 412 δε
829 373 1056 423 confilium,
1083 376 1132 416 fic
1161 378 1276 417 etiam
1313 380 1462 420 animus
1494 387 1586 418 erat.

305 431 539 483 Pompejus,
564 434 628 483 qui
652 435 701 474 ad
720 435 855 477 urbem
882 450 1035 477 manere
1056 437 1247 487 malebat,
1272 440 1334 480 vel
1359 443 1488 481 uxoris
1508 455 1591 493 gra·

304 493 378 541 tia,
417 494 479 534 vel
503 504 545 536 ut
573 509 632 536 res
656 497 842 549 Hispanas
871 513 938 551 per
968 500 1113 552 legatos
1129 531 1141 549 ,
1177 502 1341 542 urbanas
1365 504 1523 554 praesens
1548 505 1590 543 in

305 555 491 605 potestate
507 555 690 607 haberet,
706 559 827 602 levius
840 561 988 602 ferebat
1011 563 1254 603 tribunorum
1271 576 1408 611 voces,
1431 565 1590 617 confides

303 621 384 657 urbe
405 621 516 671 egredi
530 622 692 674 pafficros
707 626 931 674 negantium
946 640 955 666 :
982 635 1096 677 atque
1116 627 1214 667 ultro
1232 628 1396 668 struebat
1413 630 1591 669 morandi

305 680 457 729 causa8‚
481 683 657 734 imposita
680 686 733 724 rei
748 685 1008 726 frumentariae
1028 690 1231 729 curatione
1254 690 1430 731 obtentui
1453 691 1588 732 sumta.

358 742 554 785 XXXIII.
585 746 733 789 Craffus
760 749 841 788 dies
865 750 1069 801 noctesque
1099 751 1153 790 nil
1176 753 1241 791 nili
1264 753 1484 793 Parthicum
1511 753 1592 793 bel-

300 803 408 852 lum,
435 806 665 859 Bactrosque
690 812 726 850 ἃ
753 811 896 861 Indos,
920 815 957 852 δι
985 813 1112 853 ultimi
1135 815 1304 855 Orientis
1331 829 1426 866 opes
1455 815 1593 867 effreni

302 871 517 920 cupiditate
541 874 747 924 cogitabat.
791 876 900 917 Nihil
924 877 1063 918 horum
1091 878 1200 930 Iege,
1230 893 1313 930 quae
1341 881 1391 920 de
1422 881 1587 931 imperio

301 933 505 974 consulum
528 945 609 979 erat
636 937 737 986 lata,
766 939 905 979 diserte
923 941 1062 990 jussum
1092 942 1241 982 fuerat:
1270 942 1335 982 sed
1359 943 1399 982 in
1426 955 1588 984 omnem

301 996 530 1040 sententiam
553 1000 792 1051 interpretari
817 1004 931 1043 verba
953 1004 1085 1056 legum
1113 1009 1191 1044 non
1217 1016 1296 1045 erat
1316 1006 1376 1046 his
1400 1007 1582 1056 arduum,

301 1063 450 1114 quibus'
468 1064 582 1103 facile
604 1065 729 1104 fuerat
755 1078 907 1114 curare,
932 1075 997 1113 ut,
1026 1081 1100 1117 qua
1135 1068 1201 1117 ipsi
1225 1069 1480 1119 conceptione
1501 1083 1592 1109 ver-

302 1125 442 1166 borum
473 1125 703 1175 voluissent,
734 1128 836 1180 leges
866 1138 1101 1181 rogarentur.
1132 1129 1249 1170 Crassi
1276 1132 1482 1170 amentiam
1501 1131 1591 1171 Cae-

300 1189 383 1239 sar,
412 1189 600 1228 incertum
628 1202 707 1240 quo
732 1190 916 1239 confilio,
947 1190 1136 1242 augebat3
1164 1191 1397 1242 propositum
1427 1195 1508 1241 ejus
1533 1192 1590 1231 di-

300 1252 461 1293 laudans
480 1283 491 1302 ‚
524 1256 560 1292 &
586 1254 775 1308 quidlibet
799 1254 1008 1305 pollicitus.
1049 1255 1200 1296 Idcirco
1226 1259 1261 1296 ἃ
1295 1256 1375 1306 ipse
1396 1269 1498 1295 arma
1521 1270 1592 1308 op-

299 1315 431 1367 posuit
469 1316 710 1358 tribunorum
745 1318 985 1365 ac‘tionibus,
1024 1320 1059 1358 &
1092 1331 1181 1357 cum
1219 1317 1276 1357 illi
1304 1318 1478 1358 adversus
1507 1319 1589 1360 vim

301 1378 482 1426 invalidi,
507 1379 558 1419 ad
586 1378 772 1420 invidiam
803 1381 838 1418 ἃ
860 1380 1127 1419 detestationes
1151 1379 1188 1418 se
1205 1379 1477 1426 contulissent,
1505 1393 1590 1419 ora-

298 1443 356 1482 vit
380 1443 594 1494 collegam,
625 1457 663 1482 ut
682 1460 750 1497 quo
773 1445 829 1483 die
848 1446 1048 1498 paludatus
1072 1443 1287 1498 proftffurus
1316 1457 1412 1492 erat,
1437 1444 1590 1497 adfft‚

292 1505 397 1558 fique
420 1507 684 1558 prosequeretur.

354 1568 545 1608 XXXIV.
565 1567 737 1608 Maxima
759 1577 838 1609 erat
856 1569 895 1607 in
917 1568 1002 1607 foro
1025 1567 1184 1608 collecta
1208 1566 1319 1607 turba
1343 1566 1560 1606 mortalium
1572 1597 1591 1617 a

297 1629 352 1669 ita
387 1630 601 1681 praeparatis
627 1630 783 1678 animis,
818 1638 859 1669 ut
893 1638 1097 1668 exeuntem
1136 1628 1302 1669 Craffum
1336 1629 1513 1668 convicio
1548 1630 1586 1668 Sc

297 1689 429 1740 jurgiis
458 1691 676 1729 retinerent.
706 1690 781 1730 Sed
802 1690 869 1729 ubi
898 1690 1126 1740 Pompejum
1157 1697 1244 1728 ante
1271 1689 1377 1728 illum
1407 1689 1588 1727 incedere

298 1752 512 1805 CompOfitO
535 1752 643 1792 vultu
659 1753 855 1800 viderunt,
874 1754 956 1802 ejus
975 1752 1112 1791 honori
1134 1753 1337 1802 gratiaeque
1357 1751 1490 1790 datum
1506 1781 1516 1798 ‚
1542 1758 1585 1789 ut

297 1832 389 1860 cum
416 1816 561 1856 sslentio
586 1816 820 1856 decederent
844 1815 892 1854 de
918 1815 988 1855 via.
1028 1816 1135 1856 Unus
1159 1816 1314 1863 Atejus,
1342 1813 1404 1863 qui
1432 1815 1468 1852 ἃ
1495 1822 1586 1852 vota

297 1883 341 1922 in
369 1879 561 1931 Capitolio
583 1878 774 1919 nuntianti
798 1878 1113 1923 obnuntiaverat,
1133 1891 1267 1914 manere
1288 1876 1590 1924 jubebat‚Deos

295 1943 550 1993 hominesque
573 1942 750 1990 testatus,
783 1942 882 1980 illam
912 1954 1031 1980 contra
1050 1940 1242 1992 foederatos
1266 1940 1417 1994 populos
1444 1940 1586 1993 expedi-

295 2008 425 2046 tionem
458 2007 629 2057 lugubrem
657 2005 691 2044 6·
722 2005 989 2058 ignominiosam
1013 2005 1146 2055 populo
1180 2005 1337 2041 Romano
1357 2003 1446 2055 flare.
1481 2002 1582 2041 Cum

297 2067 420 2108 nihilo
444 2066 562 2106 secius
588 2067 734 2106 videret
760 2079 917 2118 pergere
948 2065 1116 2106 Craffum
1134 2095 1145 2113 ,
1174 2065 1316 2104 viatore
1340 2063 1472 2112 misso,
1500 2063 1583 2102 duci

294 2146 370 2170 eum
393 2131 431 2168 in
455 2130 598 2169 vincula
621 2130 732 2179 juffir.
762 2130 827 2170 ubi
853 2131 892 2169 id
917 2143 1094 2181 quoque,
1117 2129 1277 2168 tribunis
1307 2128 1389 2167 aliis
1417 2129 1582 2166 interce-

297 2191 506 2241 dentibus,
539 2191 688 2230 irritum
714 2192 815 2239 fuit3
854 2193 1050 2242 praecurrit
1078 2191 1125 2229 ad
1161 2199 1333 2241 portam,
1370 2188 1580 2237 foculoque

294 2255 349 2298 ibi
376 2254 523 2306 posito,
544 2254 706 2295 vetustas
729 2256 765 2294 ἃ.
790 2267 944 2293 arcanas
973 2254 1197 2293 devotiones
1220 2251 1386 2303 peregit:
1417 2263 1579 2300 quarum

343 2373 365 2416 §
390 2372 529 2405 XXXII.
550 2372 692 2406 Diodor.
717 2372 789 2404 Cic.
813 2371 900 2405 Plitt.
927 2373 963 2405 in
987 2371 1089 2406 Craff.
1115 2384 1143 2406 ε.
1172 2380 1225 2414 29.
1265 2371 1290 2416 5
1314 2369 1471 2405 XXXIII.
1496 2369 1566 2412 Ap·

298 2418 389 2464 pian.
410 2419 499 2453 Plut.
517 2417 662 2453 Diodor.
685 2418 773 2452 flor.
795 2427 840 2462 3λ
862 2429 917 2452 ιι.
