1675 2959
315 161 397 209 IN
439 157 1120 207 LOC.L1B.C11L1V.
1311 171 1370 219 59

141 268 276 314 XXX.
315 268 377 308 Sic
400 267 505 307 velut
529 267 627 316 justo
659 279 747 316 rege
779 276 946 313 vacans,
981 264 1022 302 in
1053 263 1257 314 provinciae
1289 263 1372 301 for-

88 343 192 374 mam
219 330 324 380 Syria
348 329 498 368 redat‘ta
526 327 601 367 est:
637 326 999 375 Seleucidarumque
1025 324 1229 374 imperium
1253 323 1372 362 finem

86 391 237 441 accepit
252 421 265 437 ,
294 401 428 440 praeter
450 389 648 430 modicum
674 388 947 439 Commagenae
970 398 1131 437 regnum
1146 416 1158 435 ,
1186 386 1290 436 quod
1315 386 1373 425 illi

85 452 276 493 Antiocho
309 465 387 491 non
409 452 528 492 modo
555 451 709 502 reliquit
740 451 973 500 PompejuS,
1002 448 1066 487 sed
1092 449 1209 488 etiarn
1241 446 1372 494 auxit,

86 515 237 564 adjecta
264 513 556 563 Mesopotamiae.
580 520 708 564 parte,
748 525 863 562 quani
900 511 1039 560 raptim
1066 508 1286 558 subegerat,
1311 518 1375 545 ca-

90 575 275 625 stelloque
305 575 504 623 Seleucia,
545 576 587 613 in
626 586 702 624 quo
735 573 955 611 asservatam
987 569 1226 623 aliquamdiu
1260 566 1375 608 Cleo-

87 645 233 688 parram
256 644 518 686 cognomento
532 636 696 683 Selenen,
730 634 844 685 Syriae
869 632 1065 682 reginam,
1093 631 1276 681 Tigranes
1302 641 1372 667 nu.-

86 711 155 749 per
180 698 432 738 interfeCerat.
476 697 563 736 Hoc
592 697 711 736 modo
742 695 984 735 constituenti
1011 693 1157 746 Syriam
1183 691 1372 741 Pompejo

85 760 200 812 legati
225 761 393 801 Phraatis
416 759 666 811 Tigranisque
694 771 827 809 regum
859 757 1061 796 affuerunt.
1106 754 1370 796 Recruduerat

88 822 187 863 inter
209 835 274 861 eos
298 822 463 871 bellum3
489 821 684 872 vietusque
709 821 833 871 primo
852 818 991 870 pr'oelio
1012 817 1193 866 Parthus,
1215 815 1377 866 sequen-

89 885 121 930 ti
152 887 353 925 Armenios
380 884 594 935 pepulerat.

141 947 297 989 XXXI.
316 947 435 997 Igitur
451 946 635 996 Tigranes
658 944 888 993 Pompejum
906 942 1013 992 Syria
1034 930 1264 980 aroeffebate-
1291 937 1377 978 Par-

85 1007 177 1051 thus
202 1008 404 1050 accusabat
430 1007 625 1047 Romanos
658 1007 786 1052 varie,
813 1013 856 1043 ut
887 1003 1025 1042 sentire
1049 1003 1254 1052 Pompejus
1288 997 1375 1051 pos-

90 1069 172 1118 set,
197 1071 223 1110 fi
251 1069 394 1109 bellum
418 1077 604 1119 coeptaret
619 1098 630 1116 ,
655 1080 743 1106 cum
775 1073 932 1116 potente
955 1066 988 1103 Sc
1011 1071 1140 1114 parato
1169 1061 1274 1099 hoste
1298 1071 1378 1098 cer-

93 1139 226 1174 tamen
251 1133 345 1172 fore.
379 1132 624 1182 Quapropter
652 1129 945 1175 inconstantiam
975 1128 1137 1166 fortunae
1175 1133 1376 1175 reputans,

92 1192 202 1233 nulla
234 1193 390 1243 Tigrani
417 1191 560 1231 auxilia
594 1191 720 1240 misit,
751 1203 875 1240 neque
910 1198 1040 1228 contra
1079 1186 1236 1228 Parthos
1268 1185 1381 1236 quid-

90 1270 205 1307 quam
234 1257 325 1296 fecit
359 1255 546 1295 hostiliter
561 1285 572 1303 ,
591 1267 733 1304 negans
748 1285 758 1302 ,
782 1253 910 1307 injuffic
927 1255 1076 1306 finatus
1103 1250 1290 1304 populique
1306 1250 1382 1287 Ro-

91 1319 187 1357 mani
217 1319 340 1356 bellum
363 1318 499 1370 fitscipi
521 1316 589 1369 fizs
613 1316 689 1368 effu
730 1316 878 1366 Legatis
904 1324 1034 1354 autem
1065 1311 1282 1363 respondit,
1313 1309 1378 1361 eff}

93 1380 248 1419 Phraate·
260 1393 328 1418 non
341 1393 415 1416 cum
430 1379 601 1417 Romanis
614 1408 623 1426 ,
633 1379 700 1430 sed
715 1378 879 1430 Tigrane,
895 1379 936 1415 de
945 1378 1083 1428 finibus
1097 1373 1380 1423 controversiam:-

91 1438 265 1490 miffitrum
291 1441 399 1492 igitur
417 1453 485 1479 tres
512 1441 609 1477 viros
627 1470 639 1488 ‚
659 1441 718 1491 qui
743 1439 937 1488 diffidentes
958 1447 1204 1489 componerent.
1240 1434 1378 1484 Neque

91 1514 200 1552 teges
233 1502 480 1550 recusarunt,
511 1502 602 1552 quin
628 1501 712 1541 illos
736 1514 804 1551 pro
830 1501 935 1550 justis
964 1496 1287 1550 disceptatoribus
1312 1495 1381 1533 ad-

94 1566 319 1605 mitterent:
355 1577 589 1615 quamquam
621 1564 719 1604 inter
744 1562 845 1615 ipsos
874 1564 952 1612 jam
977 1561 1068 1600 odio
1095 1567 1279 1609 metuque
1306 1557 1383 1598 Ro-

93 1639 300 1666 manorum
326 1634 569 1666 convenerat.

150 1689 322 1731 XXXII.
353 1689 539 1739 Tigranes
556 1689 704 1740 negatis
730 1687 914 1738 suppetiis
940 1687 1083 1734 iratus3
1106 1683 1286 1725 Phraates
1306 1679 1377 1720 fibi

99 1751 298 1800 metuens,
320 1751 345 1790 si
361 1751 548 1802 Tigranes
568 1751 744 1802 periffet3
769 1751 884 1790 ambo
905 1748 992 1788 satis
1015 1755 1162 1788 certum
1182 1751 1385 1796 putantes,

98 1814 150 1852 ad
185 1823 313 1852 utrum
346 1825 436 1851 curn
468 1812 643 1852 exscidit»
675 1811 828 1850 alterius
860 1809 1017 1849 vistoria
1053 1806 1240 1853 venisset,
1272 1803 1383 1843 illum

97 1874 224 1914 hostes
248 1874 443 1914 Romanos
459 1904 470 1922 ,
502 1876 536 1914 &
560 1874 685 1912 minus
711 1874 760 1912 ad
781 1872 1046 1924 repellendum
1072 1870 1213 1910 virium
1235 1866 1392 1906 habitu·

99 1948 186 1975 rum
201 1966 212 1984 ,
233 1936 273 1974 in
297 1936 463 1986 gratiam
483 1935 587 1974 haud
611 1934 816 1974 difficulter.
837 1934 1045 1974 redierunt.
1070 1931 1169 1971 Cum
1190 1929 1290 1968 inter
1315 1927 1386 1966 has

84 2010 159 2037 ‚res
190 1997 436 2036 comitiorum
470 1997 552 2036 dies
583 1995 774 2044 adessent,
802 2007 983 2045 magnam
1006 1993 1046 2032 in
1068 1991 1163 2031 urbe
1191 2000 1385 2029 novorum

87 2059 301 2099 -consulum
338 2059 688 2109 exspeerationem,
726 2057 938 2097 multitudo
973 2055 1304 2105 competitorum,
1345 2051 1384 2090 &

103 2121 275 2172 suspecta
297 2121 541 2172 quorundam
567 2120 721 2159 confilia
744 2126 958 2159 moverunt.
982 2117 1126 2168 septem
1145 2115 1187 2153 in
1206 2126 1296 2153 eum
1315 2124 1386 2151 an-

101 2198 194 2225 num
222 2185 415 2227 candidati
446 2183 650 2234 petebant:
689 2183 837 2233 patricii
875 2182 981 2228 duo,
1010 2180 1048 2221 P.
1075 2177 1266 2229 Sulpicius
1296 2174 1387 2216 Gal-

101 2249 180 2297 ba,
209 2248 249 2289 L.
272 2249 422 2298 Sergius
447 2246 637 2294 Catilina;
669 2247 834 2286 totidem
865 2244 1010 2299 plebeji
1043 2242 1214 2289 nobiles,
1245 2241 1287 2280 C.
1310 2241 1384 2279 An-

104 2311 255 2358 tonius,
290 2308 331 2356 L.
363 2308 533 2357 Caffius:
568 2316 750 2359 praeterea
781 2308 829 2357 Q.
855 2306 1110 2354 Cornificius,
1148 2304 1190 2344 C.
1215 2301 1386 2342 Licinius

154 2427 176 2471 5
199 2427 307 2460 XXX·
331 2428 418 2461 Pl'm
443 2437 483 2469 5,
503 2438 556 2470 ¹9·
591 2427 760 2468 §XXXL
783 2425 885 2461 Oros.
909 2424 929 2458 6
942 2436 999 2468 4.
1028 2423 1191 2466 Vellei.
1177 2449 1195 2455 -
1206 2430 1291 2464 ..40
1310 2420 1385 2466 Apa

107 2473 199 2527 :gam
222 2471 364 2511 Diodot
385 2472 505 2512 lustin
528 2483 595 2516 40
611 2483 645 2508 2.
