1675 2959
247 88 314 149 '56
412 88 504 135 JO.
551 79 1061 134 FREINSHEMII
1093 87 1441 137 SUPPLEM

246 194 335 239 Nec
361 196 451 235 ideo
485 194 635 246 segnius
665 194 859 235 delectum
893 194 1087 244 habebat,
1120 197 1308 248 ingenuos
1339 196 1538 249 servosque

246 255 465 308 promiscue
490 256 728 296 sacramento
757 257 928 307 adigens⁰
960 259 1076 297 Arma
1102 258 1196 298 item
1221 258 1372 310 telaque
1396 262 1432 301 δι
1456 273 1539 299 ma-

248 317 386 358 chinas
421 319 572 358 intente
610 317 795 369 parabat,
821 331 948 369 neque
983 319 1184 363 arboribus
1219 320 1424 361 fructiferis
1451 335 1541 373 par-

248 392 364 428 cens,
391 393 520 431 neque
544 380 668 418 bobus
696 388 916 429 aratorum,
939 382 1006 431 qui
1026 381 1078 421 ob
1100 395 1261 432 nervos,
1285 397 1448 434 quorum
1473 397 1539 425 co-

248 442 315 493 pia
344 454 443 491 opus,
469 441 518 480 ad
547 439 744 480 machinas
765 449 872 489 erat,
895 442 1115 493 frequentes
1139 445 1430 489 occidebantur.

307 503 421 543 XXI.
456 503 518 542 Ob
549 502 654 552 haec,
682 505 719 543 &
743 504 832 553 quia
857 504 1085 545 tenuiffimis
1107 506 1224 545 etiam
1250 505 1439 547 tributum
1462 515 1543 548 erat

246 563 498 615 impositum,
523 565 687 606 invisum
718 565 791 605 effe
827 564 944 617 vulgo
973 566 1211 608 Mithridatis
1235 568 1440 625 imperium
1464 580 1543 607 coe.

249 626 332 677 pit,
351 628 386 665 Sc
408 626 668 666 ministrorum
688 627 804 678 culpa
831 627 1055 668 crescebant
1080 628 1257 678 offensae,
1283 630 1410 680 quod,
1426 630 1546 669 laten-

247 694 290 730 te
316 696 474 738 propter
506 688 689 728 morbum
715 702 826 738 rege,
862 702 931 740 per
962 690 1178 741 superbiam
1209 694 1245 732 δε
1279 694 1474 736 avaritiam
1504 695 1545 732 in

247 748 454 803 populares
469 749 588 789 multa
607 749 896 800 delinquebant.
921 750 1167 807 Mithridates
1182 753 1285 792 enim
1298 783 1310 802 ‚
1331 752 1545 793 ulcerosam

248 811 493 855 abscondens
518 813 657 852 faciem
672 843 683 860 ,
708 826 727 852 a
747 813 904 853 nemine
929 813 1146 864 patiebatur
1169 814 1312 865 aspici,
1339 826 1447 855 extra
1462 816 1547 867 spa-

254 874 402 921 dones,
438 875 501 925 qui
530 877 566 914 &
590 875 897 915 medicabantur.
939 876 1037 915 Cum
1071 888 1294 926 percuratus
1317 877 1433 926 effer,
1467 879 1547 927 jam

250 934 451 986 sexaginta
475 935 654 975 cohortes
668 934 893 975 sexcenaria„²
914 935 983 975 sub
1003 936 1113 987 signis
1137 946 1270 984 erant,
1296 936 1394 978 lecia
1415 940 1549 987 juven-

253 1005 317 1037 tus
331 1028 341 1045 ‚
362 1010 498 1049 pz‘rtei·
517 998 757 1037 inconditam
778 998 1091 1038 multitudinem:
1117 1013 1233 1039 naves
1249 1001 1389 1048 etiam,
1410 998 1548 1044 &loca

255 1072 505 1111 opportuna,
531 1061 687 1100 interim
711 1073 732 1099 a
762 1059 927 1099 ducibus
945 1071 1234 1111 praeoccupata,
1256 1062 1388 1112 ptaesto
1404 1072 1523 1102 erant.

314 1123 448 1167 XXII.
473 1124 563 1164 Hoc
584 1123 789 1163 animosior
809 1123 858 1162 ad
882 1131 1030 1169 cetera,
1058 1132 1208 1173 partem
1232 1125 1433 1177 copiarum
1455 1123 1552 1164 Pha-

255 1197 465 1235 nagoream
492 1185 661 1235 trajecit,
688 1198 734 1224 ex
751 1184 909 1224 adverso
933 1185 1159 1236 Panticapaei
1182 1185 1292 1227 situm
1309 1187 1548 1237 emporium,

261 1247 417 1287 duobus
443 1247 501 1287 his
526 1248 694 1289 claustris
721 1262 765 1288 os
788 1249 913 1289 „Ponti
941 1250 979 1287 in
1009 1249 1194 1299 potestate
1225 1249 1435 1290 habiturus.
1476 1251 1553 1292 Sed

258 1321 341 1356 non
369 1310 437 1349 diu
469 1311 711 1362 perstiterunt
738 1312 781 1350 in
809 1312 886 1354 fide
908 1310 1216 1362 Phanagorenses
1233 1344 1244 1361 ,
1277 1313 1428 1354 Castore
1458 1327 1555 1365 quo-

261 1371 354 1413 dam
380 1371 604 1412 rebellionis
636 1376 816 1422 ειυᾶοτε,
848 1373 915 1425 qui
945 1382 1067 1416 tortus
1094 1374 1301 1426 aliquando
1328 1389 1349 1415 a
1377 1376 1557 1428 Trypho-

259 1445 339 1480 ne,
366 1434 469 1483 regio
499 1435 708 1483 eunucho,
737 1435 943 1487 ingressum
963 1435 1250 1489 Phanagoream
1267 1435 1468 1476 hominem
1493 1449 1558 1476 oc-

261 1495 382 1543 cidit,
419 1496 693 1548 populumque
719 1499 769 1538 ad
798 1497 1070 1539 vindicandam
1102 1499 1216 1539 armis
1248 1498 1465 1539 libertatem
1492 1513 1558 1540 ex-

265 1557 412 1598 citavit.
444 1559 604 1610 Regiam
631 1560 740 1600 liberi
773 1559 1017 1601 Mithridatis
1039 1561 1280 1602 obtinebant.
1309 1575 1374 1601 eos
1403 1562 1556 1612 Castor,

260 1621 442 1671 congesta
464 1622 613 1667 circum
644 1635 772 1666 arcem
795 1624 1029 1675 incensaque
1071 1625 1255 1674 materia,
1279 1624 1471 1676 compulit
1508 1625 1560 1665 ad

266 1681 523 1724 deditionem.

323 1745 477 1790 XXIII.
510 1746 556 1787 In
581 1746 643 1786 his
671 1747 926 1800 Artaphernes
958 1748 1080 1788 ferme
1102 1749 1422 1800 quadragenarius
1455 1758 1558 1790 erat:

266 1807 446 1856 Xerxes,
470 1808 689 1858 Oxathres,
718 1812 753 1850 <Sc
777 1810 945 1861 Eupatra
969 1810 1010 1849 in
1039 1811 1159 1850 aetatis
1190 1811 1295 1850 flore.
1339 1812 1414 1852 Sed
1444 1811 1569 1866 altera*

268 1867 438 1910 filiarum
461 1869 703 1911 Mithridatis
731 1870 961 1922 Cleopatra,
992 1883 1082 1910 cum
1109 1871 1231 1922 perire
1256 1871 1414 1919 mallet,
1445 1885 1564 1922 quam

269 1928 310 1973 se
335 1930 501 1980 dedere,
535 1938 614 1970 tam
650 1931 835 1982 generoso
871 1932 1064 1983 proposito
1094 1932 1230 1972 fortius
1263 1932 1467 1973 stimulavit
1498 1947 1566 1983 pa-

272 2000 397 2040 trem,
433 2002 474 2033 it
502 1994 693 2044 quidlibet
717 2009 785 2046 pro
812 1997 894 2046 ejus
917 1995 1036 2036 salute
1065 2006 1278 2037 conaretur.
1314 1996 1451 2046 Itaque
1480 1995 1565 2035 sub-

275 2055 394 2095 miffis
411 2055 456 2095 ab
475 2068 522 2095 eo
548 2055 721 2106 plurimis
737 2058 895 2099 dicrotis
920 2068 1051 2109 erepta
1065 2088 1076 2106 ‚
1103 2060 1138 2098 Sc
1154 2059 1437 2109 Panticapaeum
1463 2072 1567 2099 reve-

277 2118 338 2158 eta
361 2116 425 2156 est.
443 2117 599 2157 Ceteros
618 2118 925 2171 Phanagorenses
941 2119 989 2157 ad
1010 2118 1179 2169 praefidia
1195 2119 1371 2161 Romana
1397 2120 1568 2159 transmi-

278 2177 419 2219 serunt.
452 2179 624 2220 Subinde
652 2181 815 2221 Castoris
840 2180 1005 2220 successu
1036 2183 1070 2220 Sc
1098 2180 1179 2222 aliae
1196 2181 1370 2220 civitates
1386 2183 1566 2220 animatae

277 2253 301 2283 a
326 2254 414 2294 rege
432 2242 679 2284 defecerunt:
708 2240 964 2283 Chersonesus
978 2272 988 2291 ‚
1005 2241 1225 2282 Theodosia
1239 2273 1252 2290 ,
1274 2242 1533 2293 Nymphaeum
1552 2272 1564 2290 ,

329 2361 352 2404 5
378 2362 454 2394 XX.
487 2360 589 2394 Oros.
621 2361 664 2400 6,
693 2372 720 2400 ς.
752 2361 897 2397 Diodor.
919 2363 1066 2407 Appiam.
1094 2363 1252 2398 Mithrid.
1290 2362 1313 2407 S
1346 2362 1438 2396 XXl.
1467 2360 1571 2398 Orc!-

285 2406 434 2459 App'xan.
458 2406 480 2454 §
507 2406 618 2445 xxu„
644 2407 734 2444 Plut.
