1675 2959
302 114 367 171 '34
469 102 561 149 JO.
602 100 1096 146 FREINSHEMII
1143 98 1497 147 SUPPLEM.

307 210 390 250 bus.
416 209 635 250 Consumtis
649 208 790 248 deinde
805 206 1026 254 missilibus,
1045 206 1220 246 cominus
1242 207 1460 257 congressus
1484 206 1593 246 miles

305 270 480 313 caedebat
508 252 678 322 primbs‚
705 267 886 308 turbabat
914 267 1139 318 sequentes:
1174 270 1210 307 ἃ
1239 268 1316 306 cito
1342 267 1459 308 fiebat
1490 269 1591 307 ferro

304 336 368 376 via
386 366 397 383 ,
427 335 533 386 quod
559 335 722 372 inermes
749 330 921 382 plerique
943 331 1195 370 Ponticorum
1220 343 1300 370 uno
1327 330 1483 370 vulnere
1503 332 1592 369 -ster-

302 399 504 439 nebantur.
543 397 648 437 Inter
673 393 756 434 haec
783 395 956 433 emicans
984 392 1083 432 forte
1124 391 1293 431 nubibus
1324 391 1415 432 luna
1447 404 1592 431 recrea·

301 462 360 503 vit
383 460 582 507 barbaros,
602 466 645 496 ut
660 487 672 506 ‚
695 457 720 496 fi
740 455 840 495 nihil
858 454 985 503 aliud,
1009 453 1152 493 visuros
1176 453 1309 493 saltem
1335 453 1484 493 hostem
1509 453 1609 505 spe-⁷

300 530 456 570 tarent,
486 523 521 560 &c
544 519 692 558 minore
722 525 957 568 pugnaturos
981 515 1174 567 periculo,
1200 515 1247 564 fi,
1272 515 1385 567 quale
1408 515 1528 565 illud,
1553 518 1591 557 Sc

299 585 409 625 unde
434 583 604 623 maxime
633 580 852 620 timendum
878 578 989 626 esset,
1017 577 1270 629 agnoviffent.

356 654 420 694 IV.
453 652 528 692 Sed
558 650 659 689 lunae
691 648 807 687 etiam
832 647 952 687 fallax
990 649 1025 688 ἂ
1058 648 1293 699 perniciosus
1322 649 1376 688 eis
1409 648 1590 701 splendor

297 715 400 764 fuit,
434 726 523 753 cum
553 709 729 751 adversos
757 708 928 760 ipsorum
953 709 1217 760 perstringeret
1248 709 1406 759 oculos,
1441 711 1591 763 conspi-

298 790 497 827 cuumque
528 774 627 814 hosti
662 784 803 823 agmen
830 771 1010 811 efficeret.
1055 771 1215 811 Summa
1247 778 1380 812 tamen
1411 785 1519 813 noxae
1548 774 1589 813 in

299 853 348 878 eo
371 840 472 887 fuit,
497 837 601 889 quod
625 835 783 882 umbra,
807 846 889 884 quae
911 847 931 872 a
950 834 1137 874 Romanis
1161 834 1388 884 corporibus
1415 849 1483 886 per
1504 835 1596 875 lon--

296 914 392 952 gum
423 897 666 939 intervallum
705 897 756 936 ad
790 896 877 935 suos
915 897 1070 935 ordines
1103 896 1368 947 pertingebat,
1406 898 1590 949 decepti,

295 972 484 1013 tanquam
509 962 550 1000 in
576 960 836 1011 propinquum
862 959 1008 999 hostem
1036 959 1112 999 tela
1138 960 1333 1000 miserunt.
1370 961 1424 1000 Eo
1448 961 1593 999 Roma-

295 1027 340 1065 ni
370 1023 635 1064 animadverso
650 1053 663 1069 ‚
698 1034 787 1060 cum
811 1021 979 1060 clamore
1001 1021 1179 1073 suggressi
1200 1021 1307 1070 sunt,
1331 1019 1588 1070 Ponticosque

296 1093 359 1124 tot
384 1083 494 1123 malis
513 1084 794 1137 circumventos
823 1079 1065 1130 pepulerunt.
1091 1083 1159 1120 Ad
1175 1084 1289 1121 miIlia
1313 1084 1422 1118 decem
1447 1097 1486 1119 eo
1503 1095 1591 1131 prae-

295 1146 348 1183 lio
382 1142 534 1194 cecidtſj}
561 1140 792 1186 traduntur,
823 1153 929 1190 neque
960 1138 1144 1190 pauciores
1181 1137 1243 1189 effi
1279 1140 1385 1189 capti.
1422 1140 1589 1179 Romani

292 1204 438 1245 milites
462 1203 602 1254 viginti
632 1214 721 1240 curn
748 1199 900 1240 duobus
929 1197 1221 1239 centurionibus
1250 1197 1443 1236 interfedti
1474 1198 1588 1248 sunt,

291 1263 483 1306 vulnerati
517 1263 634 1301 mille.
675 1261 796 1305 Sunt,
818 1258 884 1307 qui
915 1259 1109 1308 regiorum
1142 1266 1255 1307 capta
1283 1257 1452 1309 caesaque
1486 1261 1587 1299 refe-

289 1334 378 1363 rant
400 1322 650 1372 quadraginta
675 1319 820 1359 millia:
848 1328 942 1370 quot
967 1320 1031 1359 vix
1061 1320 1276 1361 existimem
1299 1321 1337 1359 in
1364 1334 1409 1360 eo
1433 1322 1587 1362 Mithri-

293 1386 395 1425 datis
420 1386 590 1424 exercitu
611 1382 747 1432 fuisse3
767 1382 972 1434 praesertim
993 1395 1081 1422 cum
1109 1383 1250 1422 multos
1276 1385 1394 1424 etiam
1414 1383 1585 1436 effugisse

291 1446 338 1486 fit
370 1446 592 1496 proditum,
620 1445 718 1484 inter
745 1458 840 1495 quos
873 1448 909 1485 δε
938 1445 1183 1486 Mithridates
1204 1445 1291 1487 fuit.

355 1514 401 1554 V.
433 1514 467 1554 Is
493 1515 572 1563 jam
602 1513 649 1552 ab
686 1513 795 1552 initio
826 1527 991 1565 pugnae,
1028 1526 1117 1553 cum
1157 1514 1350 1565 equitibus
1380 1515 1584 1567 octingen-

289 1577 372 1623 tis,
411 1570 478 1626 per
504 1575 720 1613 Romanam
748 1575 867 1614 aciem
893 1575 931 1614 se
958 1577 1158 1626 eripuerat.
1200 1577 1342 1616 deinde
1375 1577 1584 1628 diffugien-

290 1636 396 1676 tibus
422 1645 527 1674 metu
551 1635 706 1682 ceteris,
743 1634 895 1675 relic‘tus
919 1635 965 1676 ab
998 1638 1202 1683 omnibus,
1230 1645 1304 1676 tres
1331 1640 1493 1677 omnino
1517 1651 1583 1679 co-

289 1699 405 1738 mites
422 1697 591 1735 retinuit.
617 1708 693 1746 quo
716 1696 755 1734 in
775 1709 936 1735 numero
961 1695 1087 1746 pellex
1104 1698 1186 1744 ejus
1211 1696 1287 1736 fuit
1309 1698 1581 1750 Hypsicratea,

289 1759 451 1801 masculi
479 1759 596 1797 animi
617 1756 840 1808 roborisque
867 1757 1030 1804 mulier,
1058 1770 1173 1807 quam
1198 1758 1287 1797 ideo
1314 1759 1580 1810 Hypsicratem
1618 1771 1623 1774 ·

289 1822 494 1862 nominare
530 1833 596 1858 rex
630 1819 892 1859 consueverat.
930 1820 983 1860 Ea
1017 1828 1099 1859 tum
1126 1820 1275 1859 virilem
1303 1822 1441 1860 vestem
1467 1821 1581 1861 Perfi-

291 1896 380 1923 cam
406 1883 565 1930 induta,
592 1894 691 1932 equo
721 1880 954 1921 vehebatur:
987 1893 1112 1931 neque
1137 1880 1418 1932 longinquitate
1453 1881 1578 1933 fugae,

290 1957 366 1986 nec
397 1944 565 1982 curando
589 1943 743 1981 interim
772 1955 933 1994 corpore
960 1945 995 1982 ἃ
1027 1956 1126 1992 equo
1154 1943 1250 1992 regis
1275 1942 1457 1994 fatigata,
1485 1956 1577 1984 cum

288 2020 338 2045 eo
371 2015 528 2045 ventum
561 2005 797 2045 miseriarum
823 2005 941 2054 estet,
979 2014 1021 2044 ut
1047 2004 1125 2055 ipse
1157 2006 1383 2056 plerumque
1418 2019 1485 2057 per
1515 2008 1580 2046 in-

286 2068 351 2107 via
372 2080 487 2106 manu
504 2068 671 2106 traheret
695 2081 860 2118 equum3
888 2068 1014 2108 donec
1038 2066 1076 2104 in
1098 2066 1258 2118 globum
1282 2069 1453 2119 equitum
1481 2082 1581 2108 mer-

289 2131 555 2177 cenariorum,
589 2131 624 2168 ἃ
653 2130 828 2180 peditum
863 2130 933 2168 tria
961 2129 1082 2167 ferme
1105 2129 1224 2168 millia
1253 2129 1415 2177 incidit,
1441 2143 1461 2168 a
1489 2131 1579 2180 qui-

290 2190 364 2243 bus
385 2191 571 2230 deductus
591 2190 642 2229 est
663 2191 703 2230 in
732 2190 930 2230 castellum
948 2192 1124 2242 Synoria‚
1155 2190 1205 2230 sic
1231 2190 1420 2242 appellata
1435 2222 1445 2239 ,
1472 2193 1576 2241 quod

337 2339 359 2383 ς
386 2339 447 2372 ΠΙ.
469 2339 544 2371 Liv.
573 2339 665 2381 Epit.
685 2338 831 2374 Diodor.
855 2337 877 2384 5
905 2337 964 2375 IV.
987 2337 1103 2373 Fronr.
1123 2336 1212 2372 flor.
1238 2348 1279 2383 3,
1308 2347 1337 2379 ς.
1361 2335 1464 2372 Oros.
1487 2338 1575 2373 Dio·

290 2391 364 2430 dor,
390 2393 477 2426 Plut.
504 2393 649 2436 Euri-op.
