1675 2959
251 157 336 206 IN
381 152 743 204 LOQLIB.
780 149 940 199 XCIX
990 140 1141 196 LIV.
1294 161 1345 195 ιι

133 259 318 302 XXVIII.
347 262 436 312 Quae
460 261 578 298 omnia
592 261 630 310 fi
649 259 764 297 minus
784 259 880 310 apud
899 271 966 296 vos
993 257 1166 295 habebunt
1179 255 1360 309 ponderis,

78 337 181 376 quam
210 324 330 362 habere
350 323 536 371 debebant,
553 334 593 360 at
610 322 678 374 ipfi
698 321 835 358 tandem
861 318 1028 372 Pompejo
1049 319 1239 371 confidite,
1258 316 1360 367 cujus

76 386 187 439 paulo
217 396 296 423 ante
321 384 507 435 orationem
533 383 730 436 audivistij.
760 381 825 419 Tot
846 380 993 433 profeHo
1024 379 1202 417 laboribus
1224 377 1361 425 meruit,

81 459 124 485 ut
142 448 333 499 aliquando
353 447 493 499 tempori
513 445 588 498 ejus
605 444 786 497 salutique
803 442 974 495 parcatis.
1000 442 1096 479 Nam
1115 452 1201 478 certe
1226 439 1361 490 iisdem,

82 509 208 561 quibus
238 509 338 547 ceteri
375 508 552 554 homines,
586 506 720 558 legibus
759 505 876 551 vivit3
905 517 965 542 nec
994 500 1246 540 invulnerabile
1267 498 1367 550 ferro

81 583 236 620 corpus,
261 583 321 606 nec
360 567 662 619 inexpugnabilem
705 566 832 603 morbis
875 565 1107 602 valetudinem
1136 563 1236 616 gerit.
1267 561 1370 600 Huic

81 644 184 684 porro
198 632 238 681 fi
256 630 342 681 quid
371 629 514 666 humani
537 626 685 665 evenerit
700 658 714 674 ,
731 627 771 664 in
797 640 864 678 quo
897 626 1019 663 deinde
1039 625 1134 678 spem
1162 624 1238 676 estis
1264 621 1367 660 hahi-

84 694 190 732 turi?
208 692 302 734 Haec
341 691 497 729 dicente
529 688 694 736 Catulo,
728 686 899 727 universa
926 686 1063 725 concio
1091 684 1364 730 succlamavit,

86 754 125 793 in
146 767 179 792 te
193 785 204 802 ‚
227 756 275 804 Q.
291 753 424 792 Catule.
450 753 538 801 Quo
567 751 634 790 ille
658 759 735 789 tam
753 749 968 789 honorifico
990 747 1206 787 testimonio
1232 744 1372 786 delini-

87 825 170 864 tus,
197 817 307 856 simul
336 815 546 854 obstinatos
569 814 775 854 hominum
801 814 952 853 animos
976 812 1078 851 flecti
1105 810 1211 862 posse
1234 809 1369 860 despe-

87 890 197 925 rans»,
225 879 450 918 econcione
485 877 662 918 disceffit.

144 940 300 980 XXIX.
339 938 468 978 Multa
494 950 647 987 quoque
679 938 729 987 Q.
754 935 977 976 Hortensius
1005 934 1046 973 in
1072 935 1205 974 senatu
1237 942 1372 974 contra

92 1003 325 1050 Gabinium,
361 1000 482 1052 multa
509 1013 579 1051 pro
612 999 735 1039 rostris
767 1008 899 1038 contra
929 998 1084 1048 legem,
1121 1011 1190 1048 pro
1224 997 1374 1037 summa

88 1063 155 1103 sua
176 1063 386 1109 facultate,
419 1063 579 1112 graviter
603 1070 810 1110 ornateque
838 1060 1010 1099 dixerat:
1041 1058 1108 1098 sed
1128 1072 1224 1098 vana
1247 1058 1375 1097 omnis

90 1126 268 1166 adversus
290 1125 424 1176 populi
445 1125 616 1164 favorem
645 1124 842 1164 contentio
869 1123 956 1162 fuit.
993 1123 1081 1172 Qua
1110 1122 1173 1161 die
1198 1120 1376 1171 suffragia

92 1189 225 1228 laturae
254 1188 373 1227 tribus
408 1197 540 1234 erant,
572 1188 778 1237 Pompejus
814 1185 914 1225 clam
938 1186 979 1223 in
1006 1185 1193 1235 praedium
1218 1183 1378 1234 aliquod

94 1251 207 1291 suum
222 1251 275 1289 est
298 1250 504 1300 profectus.
532 1250 673 1289 Audito
694 1249 858 1297 deinde,
873 1247 1060 1299 perlatam
1085 1246 1296 1296 jussamque
1317 1259 1380 1284 ro-

96 1315 293 1365 gationem
325 1311 418 1360 esse,
443 1313 559 1351 noc'tu
587 1311 732 1350 introiit
755 1309 910 1358 urbem,
934 1319 977 1348 ut
1001 1307 1274 1359 gratulantium
1301 1318 1382 1345 coe-

97 1383 186 1421 tus,
213 1376 249 1413 Sc
280 1386 326 1412 ex
360 1386 402 1412 ea
427 1386 466 1411 re
494 1372 677 1411 invidiam
707 1372 928 1411 declinaret.
967 1371 1092 1410 Prima
1124 1371 1266 1410 deinde
1294 1369 1383 1408 luce

95 1435 308 1488 progressus
343 1435 383 1473 in
403 1434 529 1474 forum
556 1434 776 1473 sacrificavit
800 1446 809 1472 τ
840 1436 877 1473 δι’
904 1434 1095 1472 concione
1122 1432 1301 1482 praebsta,
1330 1432 1381 1470 {ic

98 1501 180 1550 egit
208 1511 296 1538 cum
331 1497 504 1549 populo,
535 1507 579 1536 ut
606 1496 692 1547 lege
723 1496 819 1535 datis
855 1495 977 1534 multa
1009 1495 1289 1544 adjicerentur,
1317 1506 1384 1544 ge·-

101 1563 389 1610 minareturque
421 1559 705 1610 propemodum
741 1567 957 1609 apparatus.
993 1570 1083 1596 nam
1110 1570 1180 1607 pro
1207 1556 1384 1596 ducentis

100 1624 263 1662 navibus
297 1624 515 1672 quingentae
548 1621 633 1660 sunt
671 1620 880 1670 concfflae,
914 1628 1071 1659 centum
1093 1619 1230 1670 viginti
1263 1617 1387 1657 millia

99 1685 304 1736 peditum,
333 1686 481 1734 equites
511 1684 678 1734 quinque
712 1682 856 1722 millia:
892 1679 961 1732 pro
994 1681 1129 1732 legatis
1161 1682 1388 1731 quindecim

102 1745 196 1796 legit
219 1758 266 1784 ex
295 1746 402 1784 omni
424 1745 558 1784 senatu
592 1745 761 1795 quinque
793 1746 829 1783 ὃς
849 1743 1010 1794 viginti,
1040 1742 1239 1793 quaestores
1265 1742 1386 1781 duos:

107 1809 282 1860 pecuniae
314 1807 506 1858 praesentis
535 1809 683 1858 accepit
700 1807 839 1846 millies
866 1806 1116 1857 quingenties.

171 1869 305 1911 XXX.
346 1870 436 1919 Ejus
462 1870 557 1908 tanti
595 1877 797 1919 apparatus
830 1868 934 1907 fama
962 1880 1051 1907 cum
1081 1866 1242 1906 minime
1269 1865 1389 1906 latere

106 1929 314 1982 potuisset,
345 1931 424 1978 jam
453 1938 537 1968 turn
564 1929 618 1968 ita
645 1930 778 1968 terruit
804 1930 946 1979 piratas
962 1958 975 1977 ,
1005 1937 1050 1968 ut
1074 1930 1227 1979 parcius
1254 1922 1392 1967 excur-

105 2003 231 2033 rentes
256 1992 534 2032 mercatoribus
553 1992 772 2031 liberiorem
793 1992 1001 2042 navigandi
1023 1992 1176 2042 copiam
1202 1991 1386 2030 facerent.

107 2055 222 2096 Unde
257 2053 383 2093 subito
416 2054 671 2093 decrescentia
709 2067 835 2092 rerum
865 2052 1060 2092 venalium
1096 2052 1220 2102 pretia
1253 2064 1392 2103 magna

108 2117 338 2166 Pompe-ium
360 2114 591 2154 claritudine
619 2114 985 2162 circumdederunt,
1009 2122 1191 2167 tanquam
1214 2112 1296 2152 solo
1322 2126 1395 2152 no-

111 2178 225 2218 minis
252 2177 306 2216 sui
345 2186 486 2217 terrore
512 2177 602 2217 belli
629 2186 776 2228 partem
801 2175 1044 2228 profligasset.
1088 2176 1164 2215 Sed
1186 2175 1276 2223 ille,
1296 2176 1397 2226 post-

110 2238 254 2277 habitis
283 2237 488 2285 inanibus,
525 2237 744 2277 admirabili
780 2237 933 2288 prorsus
971 2236 1151 2275 industria
1191 2239 1394 2286 negotium

109 2300 366 2351 complexus,
406 2312 497 2340 cum
533 2300 607 2340 suis
646 2302 683 2340 δε
718 2299 962 2340 Rhodiorum
1000 2298 1203 2339 socialibus
1231 2298 1396 2338 navibus

165 2415 367 2465 sxan.
389 2416 477 2450 Pluz.
510 2417 636 2456 Vellei.
672 2418 693 2463 ἓ
715 2418 841 2454 XXIX.
869 2416 943 2451 cic.
972 2417 1118 2462 proleg.
1139 2415 1260 2451 Manil.
1285 2426 1316 2448 c.
1343 2423 1400 2457 Π.

115 2458 262 2508 Appiam.
281 2461 436 2496 Mittuid.
452 2461 542 2497 Plut.
