1675 2959
215 135 282 188 94
361 125 473 172 ,1οι
513 123 999 170 FREINSHEMII
1038 117 1398 171 SUPPLEMr

217 239 338 283 quu‘m
369 231 609 282 magistratus
640 229 696 269 sui
727 231 879 279 tempus
908 230 1078 269 modeste
1101 231 1137 270 δε
1167 229 1329 269 civiliter
1357 226 1492 279 exegit,-

218 296 296 336 Sed
319 294 402 333 haec
416 293 532 344 paulo
558 293 641 343 post
655 293 887 341 referentur,
909 291 976 348 ubi
999 293 1193 343 Catilinae,
1216 295 1252 333 &
1277 293 1492 344 copiarum,

218 371 312 410 quas
332 357 461 396 secum
488 355 676 401 habebat,
703 354 847 393 exitum
871 354 1079 393 tradidero.

273 420 337 460 IV.
365 419 400 459 Is
428 420 508 468 jam
540 429 586 456 ex
611 416 721 455 omni
749 428 910 454 numero
940 414 1167 465 hominum,
1196 428 1291 466 quos
1321 423 1387 454 aut
1417 412 1496 464 ipse

215 482 454 528 adduxerat,
481 486 547 518 aut
571 480 724 518 coaetos
744 484 934 528 repererat
953 490 973 516 a
999 477 1174 525 Manlio,
1196 477 1344 516 duabus
1366 475 1497 526 exple-

213 545 261 584 tis
276 542 491 595 legionibus
506 571 517 589 ,
531 549 713 580 eventum
737 537 980 578 confiliorum
1003 537 1158 577 suorum
1182 539 1224 577 in
1246 539 1340 577 urbe
1362 538 1498 588 exspe-

216 606 355 646 (stabat.
384 603 463 644 Ubi
491 602 697 656 deprehensa
720 617 761 640 ea
783 601 1061 653 dzflurbataque,
1085 600 1120 639 δ’
1134 600 1310 653 principes
1334 598 1499 649 conjura.

213 669 323 707 tionis
367 665 520 718 rcpplicio
550 661 708 715 afficies,
737 661 900 707 didicit,
923 659 1032 700 fimul
1058 660 1109 699 ob
1141 673 1227 699 eam
1258 673 1340 699 rem
1363 659 1496 698 multis

217 725 509 772 deficientibus,
536 735 593 762 res
627 721 710 761 suas
739 719 913 771 quotidie
943 719 1024 759 fieri
1054 720 1347 769 imbecilliores,
1378 719 1496 771 prius-

215 802 331 841 quam
364 787 634 836 relinqueretur
669 783 718 824 ab
755 781 961 836 omnibus,
1000 794 1069 832 per
1103 791 1254 822 montes
1288 783 1425 821 arduos
1456 782 1496 821 in

212 864 304 902 agi-u
311 863 347 888 n
373 846 633 888 Pistoriensem
668 845 805 893 duxit,
836 843 969 895 fugam
996 843 1037 883 in
1064 834 1226 884 Galliam
1252 852 1351 883 trans
1381 843 1496 894 Alpes

213 912 391 957 moliens.
422 910 520 958 Sed,
541 907 735 953 intelleCm
763 910 845 957 ejus
873 906 1053 956 confilio,
1077 907 1127 957 Q.
1153 906 1334 947 Metellus
1359 906 1495 955 Celer,

215 976 342 1015 castris
372 987 419 1014 ex
445 986 534 1023 agro
560 971 700 1011 Piceno
727 982 888 1021 propere
914 970 1050 1017 motis,
1071 970 1111 1007 in
1133 969 1261 1010 radice
1281 970 1496 1016 montium,

215 1052 290 1090 qua
316 1035 628 1077 descendendum
658 1032 829 1073 Catilinae
858 1040 960 1081 erat,
986 1031 1170 1071 consedit.

279 1102 323 1141 V.
353 1100 503 1141 Interea
530 1100 563 1137 ἃ
592 1096 836 1136 C.Antonius
860 1094 989 1142 affuit,
1018 1096 1084 1144 qui
1110 1108 1200 1134 cum
1225 1109 1364 1146 magno
1387 1108 1495 1135 exer.

211 1166 293 1205 citu
314 1163 465 1202 secutus
492 1160 703 1211 fugientem
726 1158 859 1196 fuerat.
889 1157 949 1196 lbi
972 1155 1161 1205 Catilina,
1187 1157 1360 1211 locorum
1391 1158 1495 1207 inge.

212 1230 282 1267 nio
297 1258 307 1275 ,
330 1224 564 1277 geminisque
586 1222 750 1261 hostium
774 1219 899 1259 castris
923 1219 1091 1267 clausus,
1116 1221 1400 1271 quamprimum
1426 1220 1496 1259 sta-

213 1292 292 1330 tuit
316 1290 519 1328 decernere
534 1317 545 1335 ,
566 1286 606 1325 in
624 1285 835 1325 Antonium
850 1283 975 1322 versus
996 1298 1004 1324 :
1031 1297 1264 1335 quamquam
1287 1283 1352 1323 ille
1368 1284 1495 1333 digni-

210 1362 290 1393 tate
304 1350 500 1405 praestabat
513 1379 524 1397 ,
539 1347 816 1397 majoribusque
836 1348 870 1385 ἃ
886 1345 1128 1393 melioribus,
1153 1359 1267 1396 quam
1284 1344 1492 1394 Metellus,

211 1416 336 1465 copiis
359 1421 439 1453 erat
458 1411 668 1451 instructus.
701 1409 778 1450 Sed
803 1408 889 1458 quia
913 1420 991 1445 non
1015 1407 1182 1446 alienum
1211 1421 1232 1446 a
1256 1408 1379 1458 pravis
1402 1419 1494 1446 con-

210 1478 300 1517 filiis
317 1482 495 1522 noverat,
511 1473 685 1512 futurum
707 1470 852 1521 aliquid
874 1469 1065 1520 sperabat,
1084 1482 1161 1519 quo
1179 1469 1242 1508 ille
1258 1469 1357 1508 ultro
1373 1471 1492 1509 vieto-

210 1541 286 1578 riae.
298 1535 537 1577 occasionem
561 1541 833 1583 corrumperet.
860 1533 996 1581 Neque
1019 1531 1236 1571 dubitatum
1260 1531 1331 1576 est,
1354 1531 1493 1572 lentius

209 1595 529 1651 periculosiusque
555 1594 731 1633 futurum
754 1591 899 1631 bellum
916 1591 1045 1639 fuiss'e,
1063 1592 1128 1630 nisi
1155 1592 1214 1631 M.
1234 1592 1426 1641 Petreius,
1455 1594 1492 1633 ec

206 1662 248 1703 P.
264 1658 412 1701 Sextius
435 1655 630 1696 cunctanti
645 1654 815 1696 Antonio
835 1653 1006 1693 stimulos
1029 1653 1077 1693 ad
1097 1666 1177 1693 rem
1197 1654 1403 1704 gerendam
1424 1653 1489 1693 ad-

206 1721 424 1763 moviffent.

264 1783 328 1822 Vl.
355 1779 527 1830 Quaestor
553 1777 711 1818 Antonii
739 1776 888 1817 Sextius
915 1784 1021 1824 erat3
1047 1775 1215 1826 Petrejus
1242 1767 1412 1827 legatus,
1435 1776 1491 1816 vir

206 1843 386 1886 mirificio
420 1841 471 1880 rei
496 1839 668 1879 militaris
695 1838 786 1885 usu,
819 1838 881 1889 qui
907 1836 1069 1887 amplius
1097 1850 1216 1876 annos
1247 1838 1401 1888 triginta
1428 1840 1491 1877 tri.

207 1907 358 1951 bunus,
378 1912 443 1942 aut
463 1900 682 1952 praefectus,
698 1908 762 1938 aut
781 1898 948 1950 legatus,
972 1907 1037 1937 aut
1057 1906 1214 1949 praetor,
1239 1894 1327 1937 cum
1351 1911 1490 1949 magna

207 1967 330 2019 gloria
358 1965 399 2004 in
431 1963 605 2002 exercitu
635 1961 769 2001 fuerat.
807 1961 908 1999 unde
936 1959 1081 2000 summa
1117 1960 1182 2010 ipsi
1217 1961 1321 2011 apud
1347 1961 1489 2001 milites

205 2027 437 2072 auctoritas,
466 2023 575 2063 hmul
601 2036 732 2072 amor,
759 2023 864 2073 quod
889 2031 1044 2060 noverat
1068 2020 1292 2071 plerosque,
1316 2024 1350 2061 ἃ·
1374 2023 1486 2062 fortia

206 2103 343 2131 eorum
365 2089 418 2128 far
414 2091 465 2127 ta
493 2087 654 2126 lubinde
683 2085 1021 2126 commemorabat.
1053 2085 1088 2124 Is
1117 2084 1249 2135 igitur,
1277 2085 1432 2135 exploro
1427 2086 1486 2125 tie

207 2152 411 2197 omnibus,
426 2151 547 2204 (nam
563 2150 749 2190 Antonius
772 2147 932 2199 pedibus
950 2159 1069 2198 teger,
1086 2156 1152 2186 aut
1175 2146 1350 2186 fimulato
1376 2159 1488 2186 mor-

206 2217 284 2264 bo,
315 2213 452 2267 proelio
489 2225 568 2252 non
600 2211 736 2264 affuit)
778 2210 922 2259 {ignum
952 2221 1088 2258 pugnae
1116 2206 1323 2258 proposuit.
1370 2207 1488 2246 Nun-

209 2290 326 2331 quam
350 2282 535 2314 certatum
560 2273 612 2312 est
638 2271 885 2324 pertinacius.
915 2268 1088 2310 Catilinae
1112 2268 1323 2315 exercitus,
1348 2280 1478 2318 quam-

257 2399 279 2448 ς
303 2404 364 2437 111.
385 2403 456 2436 cic.
479 2403 518 2435 ad
536 2402 641 2436 Λαὶς.
664 2403 685 2446 5
714 2402 774 2436 1v.
805 2401 877 2434 cre.
896 2401 984 2434 mut.
1007 2401 1041 2441 jm
1071 2401 1148 2433 eat.
1170 2411 1200 2434 c.
1222 2399 1275 2445 3⁶·
1299 2385 1319 2444 g
1340 2398 1384 2433 v.
1409 2396 1485 2433 mv,

209 2448 305 2493 Epir.
323 2446 454 2484 Sallust.
479 2448 620 2487 catilin.
642 2459 671 2481 e.
698 2447 752 2491 56.
771 2447 919 2491 Appiam.
944 2446 1038 2480 civil.
1064 2447 1088 2480 1.
1115 2457 1147 2478 2.
