1675 2959
240 131 299 188 30
403 127 502 176 10.
535 122 1048 201 FRE1NISHEM11
1081 119 1427 170 SUPPLEM.

238 230 319 287 peji
336 233 435 284 gesta
459 231 727 278 fortunamque
744 228 908 276 veritus,
934 229 1074 280 (cujus
1099 230 1135 268 &
1160 227 1276 279 legati
1297 234 1365 278 'per
1389 223 1523 267 absen-

235 297 331 336 tiam
350 294 609 346 imperatoris,
627 291 813 342 quidquid
837 290 876 329 in
893 291 1070 331 Armenia
1095 291 1293 342 Pontoque
1314 290 1441 329 fuerat
1464 301 1523 328 ree

234 359 410 409 liquam,
437 355 686 406 subegerant3
716 354 751 392 ἃ
776 347 964 391 Gabinius
979 381 990 400 ‚
1014 351 1209 403 Euphrate
1232 344 1414 398 transim,
1441 352 1522 399 jam

234 421 287 460 ad
316 420 452 469 Tigrin
474 413 728 468 pervenerat)
760 413 809 452 de
832 414 1050 454 renovanda
1087 406 1268 452 societate
1293 415 1328 453 Sc
1356 411 1523 451 amicitia

233 482 469 535 legationem
498 478 611 517 mifit.
625 475 748 517 -Nihil
767 477 1017 526 impetratum
1033 505 1045 524 ,
1066 475 1155 525 quia
1175 474 1298 514 fidens
1321 474 1389 514 fibi
1408 475 1522 515 Pom*

233 546 346 597 pejus
380 541 538 593 superbe
569 538 703 589 legatis
732 537 1005 587 responderat,
1043 538 1159 576 etiam
1185 537 1389 588 Gordyene
1417 548 1525 586 repe-

233 608 332 655 tita,
360 606 408 645 de
438 616 511 653 qua
544 613 633 639 cum
654 600 818 650 Tigrane
844 599 1020 639 Phraates
1052 599 1274 639 dimicabat.
1312 597 1394 639 Illis
1427 597 1525 637 nihil

234 670 287 709 ad
315 668 390 707 hoc
414 662 678 716 regerentibus
692 691 704 710 ,
724 661 818 715 (nec
841 657 942 700 enirn
962 662 1188 700 mandatum
1205 660 1449 714 acceperant)
1477 659 1526 698 li-

234 739 333 770 teras
374 728 481 767 dedit
514 726 561 765 ad
589 723 814 771 Phraatem;
855 735 928 761 nec
954 722 1171 774 exspectato
1198 721 1401 773 responso,
1432 733 1525 761 cum

235 792 410 831 exercitu
433 789 633 829 Afranium
660 786 771 825 mislt.
1091 777 1096 782 ’

290 855 338 895 II.
370 854 447 893 Hic
473 850 580 890 nullo
605 850 760 901 negotio
789 847 930 899 repulit
957 848 1116 889 Parthos
1132 879 1143 897 ‚
1169 850 1205 888 &
1231 847 1329 897 juffu
1349 845 1526 898 Pompeji

236 917 468 968 Gordyenen
506 914 685 954 Armenio
721 911 891 951 restituit.
930 911 1030 951 Cum
1060 911 1201 951 deinde
1234 910 1424 961 fugientes
1458 921 1526 960 per

233 978 565 1030 Mesopotamiam
595 976 644 1015 ad
668 973 854 1015 Arbelitin
879 972 997 1023 usque
1028 973 1291 1024 praefed'turam
1314 968 1529 1021 insequere-

235 1052 322 1092 tur3
347 1042 562 1093 ignorantia
583 1039 760 1079 locorum
783 1037 972 1077 aberrav1t
997 1050 1019 1075 a
1034 1037 1113 1083 via,
1137 1034 1334 1085 multaque
1352 1048 1420 1086 per
1443 1035 1530 1072 ino.

233 1107 339 1158 piam
366 1106 401 1144 ἃ
429 1102 591 1142 hiberna
615 1101 759 1150 frigora
782 1098 929 1149 passus,
954 1097 1058 1136 haud
1074 1096 1210 1147 procul
1231 1096 1357 1135 abfuit
1387 1095 1529 1141 exitio,

204 1182 207 1186 ’
232 1167 304 1207 nisi
327 1165 510 1206 Carrheni
525 1194 537 1213 ,
559 1162 714 1203 colonia
738 1161 1027 1205 Macedonum,⁴
1049 1157 1279 1209 excepiffent
1301 1169 1390 1197 eum
1413 1163 1527 1204 atque

235 1226 487 1269 deduxissent.

290 1290 358 1328 III.
382 1287 578 1332 Phraates,
600 1293 721 1321 contra
740 1281 843 1333 palla
866 1280 1046 1317 Romanos
1067 1275 1187 1328 insuae
1212 1274 1361 1312 dicionis
1383 1277 1459 1316 loca
1482 1277 1529 1312 ir„

231 1349 357 1401 rnpiffie
372 1379 382 1396 ,
401 1347 595 1393 causatus,
613 1356 766 1395 gravem
785 1340 943 1380 instituit
961 1351 1030 1386 per
1052 1338 1197 1385 legatos
1221 1334 1526 1384 querimoniam,

234 1412 333 1448 illud
359 1409 476 1447 etiam
502 1408 600 1445 inter
633 1402 794 1442 offensas
829 1411 1060 1446 numeram,
1090 1398 1235 1450 quodse
1269 1410 1376 1449 regem
1412 1410 1527 1450 regum

233 1470 408 1523 appellari
428 1470 594 1522 fhlrtum,
632 1463 823 1517 Pompe-jus
840 1463 879 1499 in
902 1461 1052 1515 epistolis
1081 1461 1317 1498 tantummodo
1339 1473 1445 1512 regem
1465 1473 1528 1497 no-

235 1535 394 1572 minaret.
420 1529 562 1570 Eadem
584 1528 713 1566 hieme
728 1524 981 1564 firmiffimum
1007 1521 1227 1569 castellum,
1245 1521 1525 1575 (Sytnplzoriuti-

233 1595 321 1634 chos
342 1591 559 1643 vocabant)
591 1590 629 1628 in
657 1601 732 1638 quo
755 1586 920 1626 thesauri
948 1583 1186 1626 Mithridatis
1209 1593 1339 1630 erant,
1361 1583 1526 1633 Romani

234 1655 413 1694 tradente
437 1651 650 1692 Stratonica
683 1658 920 1699 receperunt.
952 1647 1004 1686 Ea
1036 1647 1077 1685 in
1105 1645 1393 1684 matrimonium
1428 1645 1525 1695 regis

233 1731 283 1758 ex
311 1716 448 1756 humili
469 1716 625 1754 fortuna
653 1719 826 1760 venerat,
865 1722 954 1749 cum
982 1707 1145 1760 psallens
1176 1708 1217 1747 in
1243 1709 1423 1747 convivio
1445 1707 1526 1756 pla-

235 1779 382 1819 cuiffet.

291 1841 357 1881 IV.
391 1838 554 1880 Castoris
580 1837 684 1876 enim
706 1835 804 1875 senis
830 1836 866 1874 <Sc
891 1830 1114 1884 pauperculi
1142 1838 1222 1870 erat
1247 1829 1325 1870 filia
1345 1843 1354 1870 z
1378 1829 1444 1869 sed
1468 1843 1525 1870 re-

235 1910 356 1954 pente
385 1903 424 1940 in
449 1895 574 1940 cubile
605 1899 700 1949 regis
724 1906 876 1947 recepta
892 1926 903 1944 ‚
939 1906 1086 1946 patrem
1110 1907 1262 1945 quoque
1288 1893 1427 1932 divitiis
1460 1905 1525 1931 cu-

237 1964 412 2005 mulavit.
443 1962 629 2002 Nondum
655 1959 741 1999 satis
767 1968 870 1998 certa
891 1958 977 1996 luce
1002 1957 1159 1996 ministri
1181 1956 1272 2006 regii
1298 1954 1415 1993 vestes
1442 1968 1523 2005 pre-

237 2025 377 2072 tiosas,
414 2025 498 2063 vasa
522 2035 634 2062 aurea
667 2024 702 2062 ἃ
725 2030 928 2072 argentea,
955 2031 1045 2057 cum
1071 2018 1146 2057 alia
1176 2016 1409 2067 supellectile
1436 2016 1523 2067 plu-

237 2089 336 2127 rima
366 2087 526 2125 domum
556 2087 637 2133 ejus
674 2082 893 2122 attulerunt.
934 2079 1087 2130 Quibus
1113 2077 1355 2128 conspectis,
1383 2077 1523 2124 senex,

241 2152 278 2190 ἃ
306 2148 370 2188 sua
404 2148 477 2186 efl'e
511 2147 696 2191 audiens,
735 2143 903 2182 ludibrio
941 2142 977 2180 se
1010 2152 1109 2180 ratus
1142 2139 1298 2186 haberi,
1330 2140 1523 2189 proripere

238 2211 278 2250 se
297 2223 363 2261 per
393 2209 526 2248 ostium
550 2208 700 2247 voluit:
732 2208 859 2245 donec
887 2204 1162 2251 retinentibus,
1193 2201 1522 2251 doceiit'rbusque‚

241 2270 370 2311 divitis
395 2271 572 2324 cujusdam
594 2270 812 2308 hereditasem
834 2267 996 2318 beneficio
1018 2267 1107 2319 regis
1139 2266 1263 2304 donari
1276 2295 1290 2312 ,
1319 2275 1420 2316 atque
1450 2264 1520 2301 haec

288 2389 309 2432 β
335 2389 360 2421 Ι.
383 2388 472 2421 l’lut.
498 2389 531 2421 in
564 2388 679 2433 Pomp.
707 2399 738 2422 c.
766 2397 817 2432 59.
839 2385 983 2420 Diodor.
1011 2384 1033 2429 5
1066 2383 1108 2417 11.
1136 2382 1224 2417 l'lut.
1245 2382 1388 2415 Diodor.
1414 2381 1435 2426 5
1463 2379 1524 2414 111.

238 2432 329 2468 Plut.
359 2434 502 2467 Diodor.
