1675 2959
258 123 331 181 ⁷414
393 106 1441 177 JO.'FRE1NSHEMHSUPPLEM.·

262 226 396 268 Iberos
414 229 604 284 volvitur)
628 231 665 270 se
690 233 851 283 recepit.
883 232 1118 284 Pompejus‚
1138 235 1404 276 inconsuetam
1430 235 1556 277 homi⁴²

259 291 323 330 nis
348 295 575 342 pravitatem
601 294 836 343 admiratus,
855 296 950 345 qui,
977 309 1073 346 quos
1098 309 1226 337 arcere
1243 298 1397 340 transitu
1417 308 1555 349 potue-

261 359 346 400 rat,
376 357 413 394 ἅ
434 363 620 407 tanquam
645 357 792 396 amicos
820 358 1044 409 recepiffet,
1076 362 1114 400 ἃ
1142 368 1326 412 tanquam
1353 361 1478 401 hostes
1497 362 1556 401 vi·

261 422 385 465 taret,
420 417 548 458 citatis
579 418 782 459 itineribus
807 420 863 459 cis
887 420 1033 460 flumen
1061 434 1151 461 eum
1181 423 1448 474 deprehendit.
1492 437 1556 463 ce-

259 475 465 529 leriterque
494 480 687 528 invectus,
719 492 809 520 cum
834 482 999 523 arcubus
1025 484 1182 532 utendi,
1218 498 1295 533 quo
1318 498 1457 536 genere
1484 498 1555 535 pu-

260 551 346 588 gnae
381 539 594 590 plurimum
629 540 734 581 Iberi
763 541 967 592 valebant,
1001 544 1165 596 spatium
1199 545 1427 596 abstulisset,
1471 547 1555 586 acie

257 604 404 647 vic‘tum
430 605 596 647 Artocen
619 612 724 644 trans
748 605 923 646 Pelorum
943 602 1077 658 fugere
1106 609 1251 659 coegit.

316 665 457 707 XXX.
489 667 634 717 Magna
668 676 800 706 tamen
835 668 1050 708 multitudo
1080 670 1321 720 pugnando,
1356 677 1424 709 aut
1455 669 1552 710 dum

257 726 406 766 flumen
425 728 525 767 vado
539 727 770 767 transmeare
788 737 961 779 tentant,
981 731 1136 770 interiit.
1163 730 1225 770 alii
1242 744 1313 782 pro
1332 744 1440 770 more
1460 743 1552 782 gen-

256 790 353 829 tium
386 791 540 831 istarum
567 792 690 832 densis
719 793 941 833 nemoribus
977 792 1191 841 occultati,
1214 806 1304 832 cum
1331 793 1378 832 ab
1408 792 1554 832 arbori-

256 849 329 890 bus
356 852 519 902 praealtis
545 853 829 903 jacularentur,
853 855 984 894 excisis
1013 855 1089 894 illis
1115 855 1243 898 afflicti
1267 854 1420 906 elisique
1446 854 1550 893 sunt.

255 912 318 952 Ad
344 925 484 953 novem
507 913 629 954 millia
661 914 865 956 hominum
884 916 1111 964 interfecta,
1138 915 1249 967 supra
1274 917 1410 956 decem
1434 925 1551 966 capta

257 973 354 1023 effe,
382 976 582 1021 traditum.
626 977 681 1018 Ea
709 976 837 1017 clades
870 977 1018 1030 subegit
1051 980 1244 1029 Artocen,
1274 989 1318 1019 ut
1343 981 1471 1020 denuo
1494 980 1550 1018 le-

257 1044 366 1088 gatos
399 1052 489 1078 cum
518 1039 741 1078 muneribus
772 1040 971 1086 mitteret,
1004 1039 1101 1079 'serio
1128 1044 1208 1090 jam
1242 1042 1348 1092 pacis
1374 1041 1554 1092 cupidus..

255 1099 394 1150 Neque
415 1101 619 1152 pompejus
644 1102 692 1141 ab
720 1115 763 1141 ea
785 1101 1042 1151 abhorrebat,
1071 1105 1120 1142 ad
1146 1104 1219 1144 alia
1245 1105 1452 1144 festinans:
1483 1104 1551 1143 sed

255 1162 376 1203 fidem
406 1163 580 1212 barbari,
606 1164 724 1204 semel
751 1166 969 1216 iterumque
996 1166 1205 1216 deceptus,
1237 1166 1388 1205 idoneis
1413 1167 1552 1218 pigno.

255 1224 362 1265 ribus
391 1226 571 1277 cupiebat
600 1226 783 1277 obligare.

311 1289 467 1329 XXXI.
489 1289 609 1329 Donis
630 1289 744 1340 igitur
764 1289 952 1340 acceptis,
978 1301 1027 1327 ne
1052 1288 1159 1339 spem
1178 1288 1369 1328 foederum
1395 1287 1550 1328 abrum-

258 1358 397 1401 peret,
424 1363 669 1389 conventurum
703 1352 880 1403 negavit,
909 1352 949 1389 ηἱ
978 1351 1101 1390 liberos
1127 1353 1278 1390 Artoces
1302 1353 1449 1404 obsidum
1472 1353 1552 1391 loco

254 1412 414 1450 mitterer.
450 1411 519 1451 Ille
545 1425 626 1452 rem
655 1413 767 1453 anxia
792 1413 1073 1453 deliberatione
1110 1413 1250 1461 traxit,
1281 1413 1407 1452 donec
1436 1412 1549 1453 Pelo-

255 1487 341 1513 rum
376 1487 555 1525 quoque,
587 1475 686 1515 vado
710 1489 777 1526 per
801 1476 966 1514 testatem
996 1485 1170 1526 reperto,
1199 1476 1363 1515 Romani
1399 1476 1550 1515 transie-

254 1545 354 1576 runt.
390 1546 474 1576 tum
500 1537 659 1577 demum
685 1539 836 1586 abjecta
861 1539 1106 1578 cunctatione
1121 1539 1302 1587 tradidit,
1324 1539 1390 1589 qui
1416 1538 1548 1589 postu-⁷

253 1595 458 1646 labantur,
482 1597 631 1637 obfides
646 1610 884 1649 ‚pacemque
910 1600 1143 1650 impetravit.
1169 1600 1398 1650 Pompejus,
1415 1600 1548 1651 Phafin

253 1660 354 1699 lraua'
377 1661 502 1713 procul
529 1660 639 1713 abff·
663 1661 848 1712 cognito,
877 1663 918 1701 in
944 1662 1181 1713 Bosporum,
1210 1663 1279 1703 ubi
1301 1662 1547 1703 Mithridates

249 1721 421 1772 agebat,
461 1722 684 1762 transiturus
731 1737 798 1778 per
834 1724 1002 1764 Colchos
1041 1725 1302 1776 finitimosque
1350 1725 1546 1777 populos,

251 1785 392 1836 partim
408 1785 609 1826 voluntate
632 1800 767 1828 eorum
782 1820 794 1836 ,
815 1789 956 1840 partim
980 1790 1015 1829 vi
1041 1789 1156 1841 pulsis
1172 1821 1182 1839 ,
1202 1792 1268 1841 qui
1288 1790 1511 1830 obstiterant
1525 1820 1538 1839 ‚

254 1845 437 1895 Colchis,
467 1849 615 1888 invenit
644 1850 757 1891 viam.

311 1909 488 1950 XXXII.
513 1911 692 1951 Ceterum
723 1914 854 1952 animo
881 1921 1088 1968 reputans,
1108 1914 1295 1965 reliquum
1319 1915 1390 1953 iter
1417 1926 1544 1964 neque

252 1983 354 2013 terra
384 1987 451 2024 per
476 1974 616 2015 multas
638 1975 911 2027 bellicosasque
936 1978 1110 2017 nationes
1142 1977 1255 2017 facile
1271 2008 1280 2023 ,
1305 1978 1398 2017 mari
1423 1978 1562 2018 etiam·

252 2036 306 2073 ob
336 2036 574 2086 importuosa
612 2037 723 2077 litora
758 2040 794 2078 δε
829 2039 1020 2079 feritatem
1053 2040 1313 2080 accolentium
1343 2040 1543 2091 periculo·

252 2097 327 2137 slus
347 2098 451 2146 fore,
476 2100 656 2150 Servilio,
678 2102 742 2151 qui
766 2101 870 2140 classi
897 2111 1076 2153 praeerat‚
1102 2104 1300 2154 negotium
1331 2103 1439 2142 dedit
1463 2104 1543 2142 Mi.

252 2160 437 2199 chridatcm
463 2161 698 2212 obfirvandi‚
715 2178 823 2216 neque
846 2165 986 2213 sinendi
1014 2177 1078 2203 aut
1102 2166 1288 2218 enavigare
1315 2165 1450 2218 ipfiun,
1477 2176 1542 2203 ant

250 2223 440 2274 quidquam
469 2225 521 2261 ad
548 2238 622 2262 eum
646 2226 793 2278 portari.
832 2226 957 2266 Motis
988 2227 1130 2266 deinde
1157 2227 1308 2273 castris,
1351 2236 1391 2265 ut
1424 2226 1541 2267 Alba·

251 2295 343 2332 noS,
372 2285 435 2335 qui
460 2284 616 2325 interim
647 2286 892 2335 defecerant,
919 2298 1139 2338 coerceret,
1172 2303 1252 2328 non
1283 2290 1458 2340 proximo
1480 2289 1541 2329 iti-

253 2410 451 2490 ὨιξᾱξςΧΧ.
479 2412 621 2448 Diodor.
642 2414 788 2459 Appian.
815 2415 973 2449 Mithrid.
997 2415 1087 2450 Plut.
1112 2416 1134 2461 5
1164 2416 1290 2450 XXXI.
1315 2416 1406 2451 Flor.
1438 2425 1481 2461 3,
1507 2425 1545 2457 52
