1675 2959
329 117 584 182 365710.
618 116 1511 166 FRE1NSHEM1150PPLEM.

329 224 556 276 Apollonia,
582 235 811 274 quamquam
835 222 939 263 haud
962 223 1051 263 satis
1069 232 1191 264 tutum
1211 218 1339 264 Austro
1362 225 1501 272 flante,
1517 232 1606 272 pore

327 299 436 327 tum:
460 299 601 336 nempe
629 284 787 325 minoris
808 283 991 333 navium,
1018 297 1133 365 quam
1158 285 1380 337 legionum,
1403 285 1607 324 interitum

330 346 575 388 aestimabant

385 406 574 449 XXVIII.
595 405 653 444 Ibi
678 406 774 444 mira
794 403 979 444 felicitate
1002 404 1125 445 subito
1150 407 1352 447 conversus
1370 407 1424 446 est
1445 412 1606 451 ventus,

331 471 368 510 δε
396 481 462 519 pro
486 466 614 505 Austro
638 464 777 515 spirare
804 465 955 505 Africus
975 468 1119 516 coepit:
1148 477 1280 508 contra
1305 481 1419 518 quem
1444 465 1507 505 illa
1528 472 1608 503 erat

328 530 511 572 tutiffima
530 527 648 566 statio.
673 527 891 577 Repentina
914 528 1030 578 igitur
1048 531 1352 569 commutatione
1370 542 1493 570 rerum
1506 559 1518 575 ,
1537 526 1604 577 qui

327 593 450 634 modo
479 590 517 628 in
547 587 717 638 periculo
748 587 920 637 fuerant,
949 588 1167 639 spectaculo
1199 589 1497 640 periclitantium
1527 587 1608 626 ho·-

329 654 441 692 stium
464 649 768 701 perfruebantur.
797 650 953 700 Quippe
974 663 1088 689 naves
1105 651 1281 691 Rhodias
1299 660 1376 691 tam
1399 652 1492 691 saeva
1515 659 1612 689 tem-

330 713 451 765 pestas
476 709 792 760 comprehendit,
817 711 912 748 utin
933 708 1060 749 clauso
1085 711 1377 762 &importuoso
1402 711 1496 751 mari
1515 723 1607 749 con·

330 775 451 814 stratae
473 770 649 818 illorum,
682 770 844 809 numero
868 769 1064 818 sedecim,
1096 772 1294 812 adunam
1325 785 1459 812 omnes
1495 771 1612 810 elide,

333 846 473 876 rentur.
516 832 677 882 remiges
708 841 824 881 atque
849 841 1182 882 propugnatores,
1217 833 1353 883 quibus
1384 834 1520 873 fluetus
1547 845 1612 884 pe-

330 906 555 949 percerant,
570 894 708 944 partim
730 893 916 933 interfecti
930 893 1025 933 sunt
1039 907 1057 932 a
1079 894 1263 943 Julianis;
1280 895 1343 935 alii
1361 897 1488 946 capti:
1513 908 1610 946 quos

334 957 456 1000 Caesar
480 956 711 1007 conquisitos
738 955 941 1006 diligenter
967 956 1223 1006 conservavit,
1245 959 1481 1008 domumque
1502 957 1613 1000 remi,

331 1023 391 1063 fit.
416 1022 509 1061 Duae
534 1027 665 1058 tamen
690 1017 842 1059 Caesaris
872 1031 984 1057 naves
1006 1029 1125 1068 captae
1156 1018 1242 1058 sunt
1263 1020 1310 1060 ab
1338 1019 1530 1068 hostibus,
1556 1019 1615 1059 di.

327 1083 440 1124 verso
460 1084 652 1126 vectorum
679 1080 769 1119 fato.
795 1079 937 1119 Contra
963 1079 1104 1119 Lissum
1124 1080 1172 1119 ad
1197 1094 1354 1121 ancoras
1378 1081 1501 1121 ambae
1522 1077 1636 1120 con·'

329 1148 526 1186 stiterunt,
554 1141 707 1188 ignarae,
735 1140 915 1189 quorsum
944 1141 1087 1192 reliqua
1115 1142 1235 1182 claffis
1261 1143 1411 1183 cursum
1435 1142 1616 1183 intendis-

333 1206 400 1246 set.
433 1203 582 1244 Idcirco
618 1199 829 1240 Oetacilius
858 1203 1026 1251 Crassus,
1055 1204 1119 1254 qui
1148 1204 1248 1244 Lisso
1275 1216 1457 1254 praeerat,
1485 1205 1615 1245 multis

335 1264 547 1307 minoribus
573 1262 735 1312 navigiis
762 1263 906 1301 cinctas
937 1261 984 1299 ad
1011 1262 1249 1302 deditionem
1276 1263 1526 1311 hortabatur,
1539 1264 1615 1303 in-

335 1327 561 1368 columitate
585 1323 775 1375 promissa.
809 1324 910 1364 ‘Dum
933 1336 1020 1362 vero
1036 1335 1245 1373 ‚quantum
1267 1325 1311 1364 fit
1325 1325 1548 1365 hominibus
1575 1325 1616 1364 in

332 1388 572 1431 firmitudine
597 1389 815 1426 animorum
840 1388 875 1425 ἃ
905 1386 1139 1436 experientia
1166 1386 1321 1427 casuum
1348 1388 1529 1438 praefidii,
1550 1400 1615 1437 ap.

336 1451 474 1504 paruit.
501 1449 602 1489 Nam
634 1448 774 1486 tirones
804 1446 920 1487 altera
939 1448 1026 1486 navi
1050 1448 1299 1488 vehebantur.
1333 1450 1360 1488 ii
1382 1462 1471 1488 cum
1492 1449 1528 1488 se
1551 1450 1620 1489 de·

341 1511 542 1557 didiffent,
561 1509 738 1551 octacilii
758 1509 915 1560 perfidia
935 1522 1068 1548 omnes
1088 1509 1173 1549 sunt
1189 1510 1380 1551 interemti
1402 1525 1410 1551 :
1434 1513 1615 1561 veterani,

337 1575 581 1616 fimulatione
621 1573 828 1612 deditionis
855 1574 1026 1611 extracto
1061 1583 1258 1622 tempores
1289 1586 1427 1612 navem
1457 1574 1620 1624 impule-

337 1649 425 1680 runt
448 1638 496 1678 ad
523 1638 636 1684 litus·,
666 1638 700 1675 Sc
717 1666 729 1684 ‚
758 1634 1000 1674 exscensione
1028 1635 1151 1682 faeta,
1185 1638 1330 1686 equites
1355 1635 1403 1676 ab
1428 1637 1618 1676 Octacilio

337 1698 526 1740 immiffos
554 1696 799 1748 repulerunt,
836 1698 871 1736 §a
907 1696 955 1734 ad
982 1694 1135 1734 suorum
1168 1697 1337 1746 praefidia
1365 1706 1620 1748 pervenerunt

337 1762 566 1806 incolumes.
797 1772 801 1779 ·

393 1825 550 1866 XXIX.
579 1821 787 1863 Oetacilius
812 1823 926 1862 etiam
953 1822 1093 1863 Lissum
1120 1821 1267 1866 amisit,
1297 1821 1384 1871 quia
1406 1829 1620 1860 conventus

340 1889 485 1930 civium
513 1888 780 1927 Romanorum
797 1917 808 1934 ‚
833 1887 988 1926 Antonii
1017 1886 1149 1924 audito
1175 1885 1368 1931 adventu,
1393 1884 1441 1922 ad
1469 1882 1622 1923 Caesaris

342 1961 468 2003 partes
487 1949 525 1989 se
550 1949 816 2000 applicuerat,
840 1950 947 1997 cujus
979 1947 1166 1986 beneficio
1191 1947 1322 1986 datum
1344 1946 1409 1985 fibi
1432 1945 1622 1996 oppidum

343 2026 458 2064 atque
491 2013 686 2052 munitum
715 2012 952 2050 meminerat.
985 2011 1170 2061 Legiones
1206 2010 1367 2048 omnino
1401 2016 1474 2047 tres
1505 2009 1625 2047 Anto-

344 2077 429 2115 nius
464 2075 693 2125 transvexit,
729 2089 844 2115 unam
876 2076 1066 2120 tironum,
1105 2072 1218 2123 (haec
1245 2081 1352 2115 erant
1391 2071 1538 2109 circiter
1563 2070 1625 2108 vi-

345 2137 445 2189 ginti
468 2136 631 2175 militum
663 2136 811 2191 millia)
845 2137 990 2187 equites
1013 2136 1266 2185 octingentos.
1305 2134 1453 2173 Horum
1486 2132 1626 2170 adven-

346 2208 407 2238 tus
423 2229 432 2247 ,
453 2200 592 2238 eodem
616 2200 736 2238 senne
762 2210 939 2250 tempore
970 2198 1101 2239 Caesari
1133 2199 1393 2247 Pompejoque
1418 2196 1593 2244 cognitus
1611 2224 1624 2242 ‚

347 2268 552 2310 utrumque
575 2261 743 2308 excivit,
763 2270 805 2299 ut
830 2261 969 2299 eodem
994 2261 1054 2299 die
1076 2260 1191 2299 castra
1221 2266 1439 2297 moverent:
1469 2257 1554 2303 hic,
1582 2263 1628 2296 ut

348 2333 565 2371 occurreret
590 2323 856 2369 venientibus,
895 2325 929 2362 ἃ
958 2336 1006 2361 ne
1035 2335 1122 2361 cum
1152 2321 1294 2361 Caesare
1324 2321 1508 2370 conjungi
1538 2318 1625 2370 pos-

396 2441 421 2487 5
446 2441 587 2476 XXVII,
616 2439 700 2475 Caes.
721 2440 868 2485 Appian.
891 2440 913 2494 §
936 2438 1094 2474 XXVIII.
1118 2439 1264 2484 Appian.
1291 2436 1374 2473 Caes.
1401 2437 1493 2472 Plut-
