1675 2959
262 49 356 111 296
422 47 1487 105 JO.FRE1NSHEM113UPPLEM;

259 158 458 195 Romanum
490 156 725 195 calamitatem
751 157 941 196 maximam
973 159 1146 212 acceptffr.
1185 159 1325 199 SimiliS
1350 161 1550 211 ejusdem,

260 218 328 257 sed
350 220 504 269 justior,
530 220 705 260 severitas
729 222 768 259 in
794 233 882 269 eos,
909 222 972 272 qui
1000 222 1100 273 figna
1124 223 1349 274 tabulasque
1370 227 1419 265 ad
1439 240 1551 265 orna.

261 291 392 320 menta
433 294 636 320 munerum
671 294 692 320 a
725 280 835 320 sociis
867 283 1059 332 mutuati,
1094 285 1224 335 postea
1258 299 1329 337 pro
1361 286 1427 326 suo
1455 288 1550 327 reti-

265 353 442 383 nuerant.

292 408 295 419 ”
319 405 432 445 ΧΧΙ.
471 405 548 444 Sed
582 404 750 444 maxima
773 417 863 457 cum
891 405 1060 446 Curione
1085 407 1285 449 dimicatio
1312 411 1400 451 fuit.
1434 412 1554 451 Nota·

261 475 369 507 turus
402 468 504 506 enim
532 469 570 506 δε
594 467 700 506 hunc
725 469 896 519 Appius,
928 483 1160 520 quamquam
1182 471 1315 511 Pisone
1345 474 1491 524 collega
1514 476 1550 513 &

263 538 432 579 cognato
467 529 645 568 Curionis
680 528 814 568 Paullo
845 530 1164 580 deprecantibus,
1192 531 1419 573 sententiam
1447 533 1553 573 suam

259 591 302 630 in
331 590 462 630 senatu
490 589 618 641 palam
654 589 893 630 ostenderat:
933 604 1017 643 quae
1046 605 1103 631 res
1139 585 1347 633 acerrimos
1371 595 1556 634 excitavit

261 661 409 692 motus.
444 653 602 703 Quippe
620 650 773 692 Paullus
800 665 878 703 prae
907 653 1041 693 dolore
1065 655 1208 694 vestem
1234 656 1375 696 scidit:
1405 666 1442 696 at
1465 669 1556 696 con.

260 714 320 753 sul
348 713 556 754 Marcellus
571 745 583 762 ‚
604 713 779 764 sperans,
802 713 876 752 hac
900 715 1099 755 occafione
1124 726 1256 757 contra
1279 717 1464 758 Caesarem
1488 718 1558 757 ali·

265 775 360 826 quid
388 775 584 814 decretum
618 775 687 823 iri,
721 787 765 814 ea
797 776 845 814 de
871 788 909 815 re
934 776 1058 816 statim
1085 778 1223 818 referre
1254 781 1385 830 coepit.
1436 779 1555 819 Curio

264 837 436 889 primum
464 850 676 888 repugnare
694 867 710 886 ,
729 852 789 876 nec
808 838 887 891 jure
906 854 968 877 aec
991 854 1080 878 more
1096 840 1274 892 faHurum
1297 842 1446 888 dicere,
1461 843 1498 893 fi
1515 843 1558 880 cle

260 901 301 955 se
317 901 514 952 sententias
537 911 654 952 roget:
681 912 773 939 mox
794 900 1086 949 animadverso,
1109 915 1288 953 magnam
1317 902 1560 953 praesentium

264 970 416 1013 partem
443 960 595 1000 Caesaris
619 968 743 1000 totam
766 959 863 1009 effe,
887 969 1038 1001 ceteros
1061 962 1287 1014 plerosque,
1308 977 1357 1003 ne
1381 965 1474 1015 quid
1495 966 1562 1004 ad-

265 1023 394 1062 versus
423 1021 531 1062 illum
571 1021 760 1068 audeant,
799 1029 904 1060 metu
930 1021 1148 1072 prohiberi;
1180 1039 1241 1076 ego
1270 1040 1374 1074 vero,
1406 1027 1561 1077 inquit,

265 1086 379 1126 vitam
403 1083 616 1137 ablionefilue
639 1098 732 1122 meas
760 1085 812 1121 ica
837 1085 970 1137 institui
986 1116 998 1134 ,
1026 1098 1063 1124 ut
1092 1086 1194 1124 illius
1224 1101 1295 1125 non
1313 1089 1473 1140 pudeat‚·
1505 1090 1559 1127 hae

271 1149 324 1185 ad
342 1148 468 1200 patriae
487 1147 685 1199 pertineant
709 1146 909 1185 utilitatem.

324 1208 458 1249 XXII.
489 1211 613 1261 Neque
638 1210 751 1261 recufiJ
769 1210 871 1247 vobis
898 1209 1065 1249 rationem
1087 1211 1237 1250 omnium
1259 1213 1415 1261 reddere,
1437 1213 1565 1252 Patres

274 1272 472 1324 conscripti.
505 1274 600 1318 Vos,
629 1272 680 1309 uti
703 1272 878 1309 videbitur
900 1287 917 1310 e
939 1274 1113 1325 republrca
1140 1274 1176 1312 ἃ
1193 1275 1270 1324 fide
1297 1277 1425 1326 vestra,
1451 1278 1492 1314 de
1515 1291 1564 1315 me

267 1335 472 1386 statueritis.
502 1332 561 1372 lbi
587 1332 629 1372 C.
653 1332 862 1373 Marcellus
886 1333 1019 1373 consul
1042 1334 1095 1382 ita
1117 1335 1323 1376 Curionem
1347 1336 1563 1387 accusavit,

274 1404 320 1433 ut
342 1395 567 1433 damnatum
598 1394 642 1432 iri
673 1393 787 1444 plane
816 1394 1037 1434 confideret.
1076 1397 1150 1436 Sed
1171 1397 1368 1449 postquam
1397 1398 1564 1449 plurium

271 1454 467 1498 sententiis
506 1455 650 1495 absolvi
692 1469 801 1496 reum
821 1487 832 1505 ‚
868 1466 982 1508 atque
1025 1457 1123 1497 adeo
1161 1459 1320 1498 defendi
1360 1462 1564 1511 ornarique

270 1518 393 1566 vidit,
423 1519 478 1557 ira
499 1527 724 1569 correptus,
755 1518 886 1558 senatu
912 1520 948 1559 se
970 1520 1168 1571 proripuit.
1197 1521 1312 1561 Plane
1336 1522 1367 1561 is
1387 1532 1466 1562 erat
1486 1523 1567 1562 ani·

273 1592 430 1620 morum
465 1579 642 1628 habitus,
671 1589 714 1619 ut
747 1583 947 1632 proniores
980 1583 1020 1622 in
1055 1583 1229 1634 Pompeji
1256 1585 1407 1624 causam
1442 1586 1565 1627 Patres

274 1643 416 1691 effent3
447 1644 512 1684 sed
542 1652 672 1684 tamen
701 1644 798 1695 saepe
832 1644 1130 1686 Caesarianorum
1162 1646 1344 1687 violentia
1372 1648 1564 1698 superati,

275 1706 337 1746 his
365 1706 521 1746 utiliora
542 1708 800 1746 decernerent.
820 1708 864 1748 Et
885 1708 1058 1749 consules
1077 1710 1233 1760 quidem
1255 1711 1437 1761 designati
1456 1711 1566 1750 Pom-

275 1770 502 1820 peianarum
533 1771 699 1820 partium
725 1777 845 1809 erant.
873 1770 993 1821 Igitur
1020 1771 1141 1812 Caesar
1163 1772 1292 1812 literas
1317 1774 1364 1812 ad
1391 1773 1565 1813 senatum

280 1830 472 1880 milltffcne
483 1831 553 1881 fibi
572 1831 773 1882 beneficium
791 1832 915 1884 populi
946 1833 1150 1871 adimeretur
1163 1849 1178 1881 ;
1216 1846 1278 1872 aut
1294 1835 1421 1887 fizltem
1445 1835 1571 1888 rehqut'

276 1893 382 1930 etiam
407 1892 629 1945 imperatores
662 1893 706 1930 ab
731 1893 937 1931 exercitibus
961 1894 1179 1946 discedentis.
1299 1900 1303 1903 ’

334 1952 489 1992 XXIII.
512 1953 627 1994 Erant
646 1953 728 1992 haec
751 1953 968 1993 astutillime
989 1956 1224 2006 excogitata:
1246 1955 1435 2007 quidquid
1461 1957 1568 1997 enim

281 2014 374 2053 cffet
404 2014 572 2062 faftum,
604 2028 671 2065 pro
697 2015 840 2054 Caesare
860 2016 1034 2056 futurum
1064 2027 1154 2058 erat.
1180 2018 1282 2059 Nam
1306 2018 1331 2057 fi
1358 2026 1435 2057 tam
1463 2031 1569 2068 aequa

283 2076 458 2114 conditio
495 2078 781 2126 repudiaretur,
813 2078 985 2117 favorem
1012 2078 1214 2118 hominum
1243 2087 1324 2118 erat
1349 2078 1572 2129 habiturus,

283 2144 465 2186 tanquam
499 2138 546 2177 ab
573 2138 739 2178 inimicis
764 2149 895 2179 contra
919 2140 976 2179 fas
1000 2141 1035 2179 Sc
1061 2141 1279 2190 aequitatem
1306 2149 1568 2190 premeretur:

283 2197 414 2237 relicta
449 2199 633 2249 potestate
653 2229 665 2245 ,
698 2201 819 2251 magis
847 2201 1169 2250 confirmabatur3
1207 2201 1262 2241 sm
1298 2203 1333 2242 &
1361 2202 1568 2253 pompejus

330 2317 352 2360 §
378 2317 452 2349 XX.
478 2318 618 2352 Sueton.
639 2318 673 2350 in
695 2318 778 2351 Caes.
802 2330 831 2351 c.
852 2328 905 2356 ας.
924 2319 1066 2363 Eutrop.
1094 2319 1115 2361 5
1131 2318 1225 2353 XXI.
1248 2320 1394 2354 Hirt'ms.
1411 2320 1434 2365 S
1455 2319 1566 2356 XXII.

283 2360 374 2396 Plut.
401 2364 434 2395 in
465 2362 580 2409 Pomp.
600 2363 745 2400 Diodor.
772 2364 844 2398 cic.
868 2365 901 2397 in
924 2364 1036 2399 Pison.
1058 2376 1087 2399 c.
1111 2375 1166 2407 25.
