1675 2959
254 123 283 168 ‘2
296 116 351 167 18
403 117 485 167 JO.
504 119 723 168 FREINS.
741 121 938 170 SUPPL.
956 123 1021 170 IN
1037 123 1180 170 LOC.
1199 124 1248 170 L.
1268 122 1367 171 CV.
1383 125 1496 173 LIV.

257 237 283 266 e
301 227 420 273 turri,
442 239 557 276 quam
578 226 688 265 dorso
705 225 929 276 elephantus
951 228 1151 278 portabat,
1169 228 1244 269 tela
1259 228 1536 280 spargentibus:

308 285 485 326 LXVIII.
513 285 809 326 Cassivellaunus
837 288 993 327 adverso
1027 289 1191 340 proelio,
1226 291 1365 330 deinde
1393 291 1537 331 Trino-

251 345 433 387 bantium
462 348 679 387 'defectione
713 350 891 397 territus,
917 363 1013 401 quos
1038 351 1161 391 statim
1193 352 1439 403 Cenimagni,
1467 353 1541 393 Se-

250 409 450 459 gonriaci,
479 409 637 460 aliaeque
668 409 864 450 nonnullae
904 413 1081 451 nationes
1114 414 1251 453 imitati
1282 414 1388 461 sunt,
1424 413 1539 464 copia

250 472 451 523 pugnandi
473 472 632 511 minime
651 473 776 521 fad‘ta,
803 473 843 513 in
867 474 1012 525 oppida
1036 474 1102 515 sua
1125 474 1163 514 se
1189 477 1343 528 recepit.
1380 476 1539 527 Oppida

249 533 422 574 Britanni
448 541 530 575 tum
555 533 775 582 vocabant,
807 547 896 575 cum
925 536 1031 576 silvas
1060 537 1266 588 impeditas
1300 537 1399 577 vallo
1424 549 1538 588 atque

249 595 347 635 {offa
376 596 633 636 muniviffent.
659 597 743 644 Ibi,
773 598 930 647 dejedtis
952 599 1151 639 arboribus
1167 630 1179 648 ‚
1207 600 1354 650 tuguria
1379 600 1474 648 sxbi,
1500 603 1538 640 &

250 659 386 708 pecori
407 657 550 698 stabula
571 658 771 708 ponebant
793 660 842 698 ad
873 659 982 699 usum
1010 661 1136 711 exigui
1168 661 1362 711 temporis.
1389 660 1539 700 Interea

250 730 416 769 quatuor
452 732 497 758 ex
533 720 671 759 Cantio
712 721 859 772 reguli,
903 722 1168 762 Caffivellauni
1214 724 1358 763 nuntiis
1398 723 1536 772 exciti,

249 782 371 821 castra
408 782 559 822 Caesaris
595 782 742 822 navalia
769 785 818 823 de
847 785 1054 835 improviso
1082 786 1318 827 adoriuntur.
1352 787 1422 826 His
1449 787 1538 825 stre-

250 856 331 883 nue
363 844 565 883 occursum
606 857 626 882 a
662 844 869 894 Romanis,
907 847 972 896 qui
1002 847 1056 887 ibi
1089 856 1301 898 praeerant3
1339 847 1538 898 subitaque

251 905 457 955 eruptione
483 918 622 956 magna
647 918 737 946 curn
767 906 879 947 clade
911 910 1073 957 rejeetus
1102 909 1218 949 hostis
1242 925 1251 951 :
1287 910 1364 949 dux
1385 923 1537 960 quoque

251 966 397 1006 nobilis
437 967 647 1018 Lugotorix
683 978 816 1018 captus
845 968 907 1007 est.
947 970 1041 1010 Haec
1069 978 1128 1009 tot
1161 969 1314 1009 adversa
1350 972 1471 1022 (nam
1501 972 1538 1010 δι

250 1026 547 1071 munitissimum
571 1028 713 1073 inte-rea
736 1030 924 1080 oppidum
945 1030 1150 1083 amiserat)
1177 1031 1424 1082 perpulerunt
1451 1032 1537 1071 Cas-

252 1089 529 1140 fivellaunum,
551 1101 594 1131 ut
617 1104 684 1142 per
716 1091 894 1132 Comium
923 1093 1142 1133 Atrebatem
1169 1093 1316 1144 legatos
1339 1095 1387 1134 ad
1418 1094 1537 1135 Caesa·

191 1150 195 1155 “
251 1165 336 1192 rem
363 1153 412 1194 de
434 1166 530 1204 pace
558 1154 738 1194 mitteret.
772 1154 912 1203 Caesar,
937 1157 1002 1205 qui
1027 1164 1183 1207 propter
1206 1158 1422 1208 repentinos
1447 1157 1537 1198 Ga}-

252 1213 315 1254 liae
343 1224 470 1255 motus
496 1216 537 1256 in
559 1216 771 1255 continenti
802 1215 972 1257 hiemare
1001 1218 1265 1268 constituerat,
1294 1232 1432 1270 magna
1460 1219 1537 1259 ho-

251 1275 369 1316 stium
401 1276 650 1316 multitudine
662 1277 875 1323 ⁷‚interfe6ta
891 1308 902 1326 ‚
928 1289 1035 1329 parte
1068 1280 1195 1330 aliqua
1222 1281 1375 1330 insulae,
1399 1295 1472 1332 qua
1493 1282 1537 1320 li-

251 1345 318 1376 tus
344 1338 521 1388 attingit,
549 1348 711 1390 accepta
736 1341 776 1379 in
801 1341 1064 1391 deditionem,
1089 1341 1173 1381 satis
1198 1343 1395 1393 pensatum
1421 1356 1537 1394 expe·

253 1400 413 1442 ditionis
436 1400 608 1440 laborem
631 1410 731 1442 ratus
748 1433 760 1449 ‚
781 1402 885 1442 haud
908 1406 1093 1454 gravatim
1112 1417 1245 1454 pacem
1277 1405 1410 1453 dedit3
1439 1404 1536 1443 obfi-

251 1460 367 1502 dibus
401 1461 617 1513 imperatis,
646 1463 901 1514 adjectoque,
929 1479 970 1502 ne
998 1464 1085 1516 quid
1114 1465 1386 1514 Caffivcllaunus
1408 1467 1533 1504 Trino-

251 1525 422 1563 bantibus
442 1536 582 1563 noceret.
612 1523 828 1564 Praeiidium
852 1525 1002 1575 imponi
1019 1525 1108 1564 feris
1133 1526 1331 1574 gentili-as,
1355 1529 1390 1567 ἃ
1412 1527 1536 1567 Ocea-

253 1598 309 1625 no
330 1584 492 1625 divulfis
507 1615 520 1634 ‚
545 1594 671 1625 metus
691 1587 997 1627 amittendorum
1022 1586 1188 1627 militum
1215 1588 1438 1638 prohibuit:
1466 1590 1536 1628 tri-

254 1649 373 1697 buta,
400 1648 425 1688 s1
449 1662 527 1689 non
557 1648 702 1698 essent,
730 1663 797 1701 per
824 1663 919 1700 quos
949 1650 1213 1702 exigerentur,
1237 1651 1370 1701 jubere
1392 1664 1534 1692 vanum

253 1721 360 1752 erat:
386 1711 500 1762 igitur
532 1711 591 1751 his
613 1711 802 1752 abstinere
838 1712 958 1752 Caesar
984 1712 1142 1761 maluit,
1172 1714 1328 1754 modico
1356 1715 1533 1766 vec‘tigali

252 1783 486 1824 contentus,
517 1787 604 1820 eum
640 1778 676 1815 δε
711 1788 856 1815 merces
884 1776 1041 1817 minime
1073 1777 1246 1827 pretiosae
1282 1777 1418 1825 essent,
1446 1791 1528 1828 quae
1571 1772 1574 1775 ’

254 1836 354 1876 inter
391 1834 521 1876 Gallos
551 1838 586 1877 &
618 1836 818 1878 Britannos
843 1835 1172 1888 permutabantur.

300 1965 323 2007 ξ
348 1965 646 1998 LXV11.Diodor.
671 1965 819 2007 Polyaen.
842 1966 944 2003 Strat.
967 1967 990 1998 1.
1015 1965 1046 1998 S.
1071 1963 1535 2008 §LXV11LD'10d0nC212

257 2009 365 2043 Strab.
391 2012 412 2042 l.
435 2022 479 2052 4,
505 2009 762 2046 &ibiCasaub.
788 2010 874 2042 Flor.
900 2022 938 2053 3,
960 2020 1011 2043 ιο.
1041 2009 1150 2047 Tacit.
1171 2010 1280 2054 Agric.
1304 2021 1332 2043 c.
1355 2020 1407 2054 ¹3-

1673 279 1675 297 i
