1675 2959
267 80 345 165 1⁹N
385 117 551 164 Loc,
599 114 736 163 ΜΒ.
778 116 1064 166 cx1L1V.
1105 109 1111 114 “
1214 105 1331 182 '381‘

54 225 236 275 tenebat,
260 225 411 276 longius
442 236 463 261 a
488 220 562 261 suis
581 223 729 271 castris,
762 223 802 261 in
835 221 921 262 loca
953 222 1051 262 hosti
1077 226 1241 274 aequiora
1266 229 1330 267 de-
1347 224 1355 226 ⁷

56 286 308 338 grediebatur.
339 286 390 324 Ea
423 296 578 334 quoque
604 297 662 322 res
699 285 873 323 accendit
905 284 1228 336 Pompejanorum
1253 289 1334 326 ani-

59 360 146 386 mos
161 376 176 394 ,.
205 347 265 396 qui
293 346 413 384 ferme
441 358 599 393 omnes,
634 359 864 397 quamquam
900 346 996 385 alius
1025 346 1097 386 alia
1125 347 1173 385 de
1200 347 1337 396 causa,

57 408 341 446 cunctationem
371 407 550 445 oderant.-
572 408 621 446 At
641 408 843 457 Pompeius
866 409 929 445 lzoc
950 407 1026 459 ipsb
1054 413 1251 459 argumento
1273 409 1337 446 ab-

45 469 242 521 flinendum
258 468 379 521 proelio
406 466 605 506 differebat
615 497 628 514 ‚
658 470 751 520 quod
768 480 970 519 appareret,
991 469 1031 505 id
1040 468 1249 520 Jicmmopere
1266 470 1337 508 Cae-

48 531 187 584 sarem,
215 542 382 582 tanquam
392 531 463 580 sibi
489 530 638 567 maxime
667 529 883 580 neceffizrium
897 561 907 578 ,
927 523 1092 582 ebcpetere.

112 593 194 633 LX.
228 591 444 637 Postremo,
473 602 561 628 curn
585 602 710 639 neque
735 591 884 628 vincere
904 590 1056 629 suorum
1077 590 1251 645 animos,
1274 603 1342 630 ne-

55 667 130 705 que
156 655 253 693 ferre
284 653 467 691 invidiam
491 650 640 701 posset,
670 652 821 700 abJecffo
849 652 985 691 salubri
1007 652 1188 701 conlilio,
1208 654 1255 692 ad
1271 666 1341 704 pu.

54 730 170 768 gnam
194 716 231 756 se
253 728 382 766 parare
407 716 539 765 coepit.
560 714 687 754 Multa
710 724 791 754 tum
813 725 1090 759 concurrerunt
1114 716 1341 756 incitamen-

54 788 118 827 ta,
147 788 192 817 ut
217 776 396 828 magnam
423 790 557 816 omnes
582 778 749 816 victoriae
777 777 882 828 spem
908 779 1166 828 conciperent.
1189 769 1342 818 'fiducia

54 840 96 879 in
116 841 282 888 viribus,
310 842 349 879 in
369 841 599 890 imperatore
614 869 627 886 ,
655 840 695 878 in
715 839 824 878 causa
841 852 850 878 :
886 849 1065 889 praeterea
1087 852 1144 877 res
1172 839 1254 877 duae
1274 851 1345 877 no-

0 930 1 953 ξ
56 915 114 942 vae
134 903 321 952 quantivis
351 906 480 952 utique
503 901 717 940 momenti:
747 912 843 946 una,
875 900 980 949 quod
1003 891 1193 952 Pon'zpejus
1219 902 1344 951 confir-

0 968 1 971 ’
56 978 234 1012 maverat,
259 965 460 1017 priusquam
475 963 553 1014 fere
576 966 623 1002 ad
651 976 777 1000 manus
797 963 991 1009 viderent,
1015 963 1198 1000 exercitum
1230 961 1341 1013 Caesa-

59 1029 110 1066 ris
139 1029 178 1066 in
199 1027 294 1080 fuga
318 1028 423 1081 fore,
449 1027 626 1080 propterea
661 1027 754 1078 quod
771 1027 933 1078 equites,
972 1038 1134 1074 quorum
1169 1023 1342 1063 multitu-

61 1089 154 1129 dine
186 1089 431 1138 abundabat,
453 1090 523 1141 fibi
555 1088 773 1142 recepiffent,
805 1089 846 1140 se
882 1089 1041 1125 dextrum
1071 1088 1214 1139 Caesaris
1237 1100 1344 1126 cornu

47 1154 167 1207 statim
187 1153 288 1190 initio
309 1167 435 1205 pugna:
449 1153 717 1191 circumdaturos
742 1164 845 1203 atque
867 1151 1066 1189 turbaturos
1089 1150 1150 1202 effe}
1162 1166 1176 1197 ;
1201 1149 1343 1198 altera,

60 1218 166 1267 quod
194 1216 410 1265 Labienus,
437 1216 718 1265 demonstrato,
737 1217 919 1269 praesentcs
947 1214 1093 1266 Caesaris
1123 1215 1243 1265 copias
1272 1229 1346 1251 ma-

56 1293 165 1333 gnam
176 1290 307 1333 partem
329 1293 374 1317 ex
399 1279 484 1317 aliis
505 1277 675 1315 militibus
693 1278 864 1330 conflare,
888 1289 989 1327 quam
1008 1276 1067 1328 qui
1087 1274 1347 1326 Galliasfitbe-

54 1339 203 1393 gffnt,
241 1340 278 1377 in
313 1351 419 1392 caput
435 1339 540 1391 fitum
574 1339 769 1391 exsecratus
806 1338 949 1385 fuerat,
978 1338 1016 1388 fi
1045 1339 1083 1375 in
1113 1338 1245 1391 castra,
1280 1339 1350 1390 tufi

59 1403 462 1449 vifflor,‹reverteretur;
484 1401 602 1451 idque
626 1400 891 1450 jusjurandum
913 1399 1030 1439 secuti
1046 1400 1186 1438 deinde
1208 1413 1352 1439 omnes·

59 1473 181 1502 erant.
213 1464 261 1502 At
277 1461 397 1502 Caesar
411 1491 422 1510 ,
450 1462 523 1500 five
547 1475 614 1512 per
634 1462 894 1511 exploratores
910 1474 948 1500 re
966 1461 1143 1512 cognita,
1165 1461 1237 1500 live
1253 1475 1350 1512 prae·

58 1524 162 1574 sagio
189 1525 336 1573 animi,
360 1525 556 1574 ,revocatis
587 1524 708 1563 tribus
752 1523 993 1574 legionibus,
1020 1535 1111 1574 quas
1138 1524 1350 1564 frumenta-

59 1594 145 1625 tum
172 1585 370 1634 emiserat,
404 1586 452 1624 de
485 1586 612 1625 media
642 1587 755 1625 nocie
781 1585 884 1624 sacra
912 1586 1027 1625 Marti
1053 1587 1087 1624 ὃ(
1113 1585 1251 1624 Veneri
1276 1585 1349 1625 Ge-

62 1648 202 1687 netrici
228 1648 344 1695 fecit,
367 1660 479 1697 quam
502 1650 578 1701 fuae
603 1649 718 1701 gentis
746 1651 913 1698 qufflorem
936 1648 1004 1702 ‘ff'
1023 1647 1244 1695 diciitabat3
1268 1661 1351 1686 tem-

60 1712 162 1763 plum
186 1723 337 1760 quoque
366 1712 474 1749 eidem
495 1713 600 1750 vovit
623 1726 668 1749 ex
691 1711 880 1750 manubiis.

127 1771 230 1811 LXI.
262 1772 359 1811 Cum
385 1772 560 1822 utrinque
586 1771 732 1810 sedisset
755 1772 892 1811 animis
917 1771 1115 1823 pugnandi
1143 1770 1345 1821 voluntas;

64 1842 109 1873 ut
129 1836 249 1874 ferme
273 1835 312 1874 in
328 1847 555 1886 magnarum
580 1849 703 1874 rerum
724 1835 1010 1886 exspectatione
1033 1835 1190 1874 miscere
1210 1835 1246 1874 se
1262 1849 1352 1885 pro·

66 1896 171 1946 digia
198 1897 344 1945 solent,
373 1896 495 1936 multa
527 1897 603 1937 visa
625 1907 689 1936 aut
716 1897 803 1936 fieta
839 1896 935 1935 sunt.
969 1897 1139 1937 Viciimae
1163 1897 1202 1935 in
1225 1897 1352 1937 castris

63 1957 262 2009 Pompeji,
285 1973 373 1998 cum
395 1961 689 1998 admoverentur
704 1959 797 2005 aris,
815 1958 1015 2008 fugerunt:
1037 1959 1211 1998 examina
1232 1972 1350 2009 apum

64 2020 108 2058 in
132 2020 300 2059 militum
338 2020 467 2071 signis,
496 2023 531 2060 &
556 2019 736 2059 altaribus
762 2019 962 2059 sederunt:
1000 2020 1166 2068 interdiu
1195 2020 1350 2059 fuerunt:

66 2082 259 2122 tenebrae:
292 2083 498 2132 Pompejus
532 2084 668 2129 noete,
711 2094 793 2132 quae
829 2081 1006 2131 proelium
1033 2081 1254 2130 antecessit,
1285 2092 1354 2132 per

68 2146 236 2195 quietem
260 2146 300 2183 in
326 2145 476 2183 theatro
501 2144 580 2183 suo‘
597 2143 732 2183 sedere
761 2144 992 2193 imaginatus
1014 2143 1090 2191 est,
1121 2145 1155 2182 ἃ
1182 2145 1351 2181 maximo

67 2207 202 2257 populi
231 2206 364 2256 plausu
387 2206 522 2256 excipi.
561 2206 663 2246 Inter
686 2205 768 2250 haec
793 2206 910 2244 castra
931 2207 1012 2253 ejus
1035 2205 1264 2244 fulminibus
1285 2218 1352 2255 pe-

69 2269 141 2307 tita
168 2268 276 2308 sunt:
311 2267 494 2307 excubias
517 2268 779 2307 circumeunte
799 2266 962 2314 Caesare,
984 2267 1049 2306 fax
1078 2281 1100 2306 a
1117 2268 1241 2307 castris
1267 2269 1351 2315 ejus
1407 2286 1412 2291 ·

69 2331 111 2370 in
141 2313 372 2382 Pompeiana
397 2332 597 2370 decurrere
621 2331 698 2370 visa
724 2330 799 2379 est,
831 2340 944 2380 atque
971 2330 1117 2369 ibidem
1150 2329 1348 2380 exstingui.

114 2451 138 2496 5
163 2452 251 2487 LIX.
280 2454 426 2497 Appian.
449 2453 539 2488 Plut.
572 2453 594 2498 §
624 2453 693 2488 Lx.
721 2453 871 2497 Polyaen.
893 2452 995 2486 Strat.
1014 2452 1038 2486 l.
1057 2450 1090 2486 S.
1115 2450 1263 2495 Appian-
