1675 2959
293 176 381 224 372
430 162 523 209 JO.
558 161 1095 208 FREINSHEMII
1131 160 1509 209 SUPPLEM.

289 266 372 315 lus,
401 268 531 318 generi
559 267 676 307 literis
697 267 862 314 excitus,
894 279 984 305 cum
1003 265 1220 317 legionibus
1253 262 1389 307 affuit:
1420 267 1566 312 nudata

288 329 331 367 in
362 340 467 368 metu
494 329 659 369 Parthici
688 327 778 367 belli
805 328 938 378 Syria,
973 329 1007 366 ἃ
1032 328 1262 377 provinciis,
1284 340 1350 377 per
1372 340 1464 378 quas
1501 329 1573 366 iter

288 391 495 440 habuerat,
512 405 578 442 per
594 392 696 429 varia
717 382 963 429 exactionum
980 390 1137 428 nomina
1151 389 1356 428 crudeliter
1376 389 1575 430 exhaustis.

345 454 447 493 XLI.
478 453 583 501 Quin
615 453 651 490 &
681 463 730 489 ex
757 449 945 500 Ephefino
969 449 1116 499 templo
1147 450 1329 500 pecunias
1354 449 1577 497 sustulerat3

287 516 381 562 nisi,
409 515 501 552 dum
524 514 564 550 id
589 512 692 561 agit,
719 510 875 561 epistola
890 511 1084 561 Pompeji,
1105 511 1288 562 postabitis
1313 512 1498 558 omnibus,
1514 511 1579 548 iter

289 589 463 616 maturare
483 572 650 622 juffiffet.
677 572 796 622 Igitur
821 571 969 615 summa
993 571 1187 613 celeritate
1212 568 1323 618 usus,
1348 583 1415 620 pet
1434 571 1578 611 Mace-

291 638 450 676 doniam
484 636 524 674 in
548 634 746 675 Theffalos
773 634 965 682 cucur-tit,
1001 633 1065 672 ubi
1097 644 1187 670 curn
1222 630 1287 669 sua
1316 630 1467 681 legione
1491 631 1579 672 Cas-

289 698 385 737 sium
415 696 632 746 Longinum
663 708 773 745 agere
801 695 1047 744 cognoVerat.
1089 692 1235 733 Eodem
1267 694 1303 732 ἅ
1337 692 1492 732 Sadales
1522 705 1580 731 re-

291 759 404 811 gulus
428 771 516 798 cum
545 757 711 798 Thracio
737 758 910 807 equitatu
940 756 1055 801 venit.
1091 755 1248 800 Idcirco,
1267 753 1435 802 Caffius,
1464 755 1581 794 detti-

290 821 430 860 mentis
469 819 696 870 quibusdam
732 818 923 869 acceptis,
957 818 1008 857 ad
1034 826 1220 855 montana
1257 815 1462 854 deflectens
1489 817 1580 855 Am-

288 884 459 924 braciam
489 881 656 932 petebat.
694 882 809 920 Hunc
841 881 971 930 Scipio
1005 877 1253 929 sequebatur:
1287 890 1400 928 quem
1429 878 1456 917 fi
1489 877 1581 916 ess'et

292 945 540 990 consecutus,
566 943 728 982 dubium
753 955 832 980 non
861 952 965 989 erat,
999 940 1093 992 quin
1109 938 1270 978 Caffia‘ni
1290 951 1424 977 omnes
1447 938 1484 977 se
1515 938 1581 977 de-

273 1008 456 1055 3derent,
476 1014 544 1045 aut
574 1005 868 1045 trucidarentur.
900 1004 974 1044 Sed
996 1003 1175 1042 avocavit
1197 1001 1419 1051 Scipionem
1440 1000 1494 1039 M.
1512 999 1583 1040 Fa-

292 1069 401 1109 vonii
427 1066 671 1120 periculum,
709 1067 802 1117 qui,
833 1064 987 1105 relictus
1019 1063 1391 1104 alealiacmonem
1425 1074 1580 1101 amnem

293 1145 385 1172 cum
413 1130 636 1170 cohortibus
671 1131 759 1169 oeto
787 1131 822 1170 ἃ
854 1130 975 1168 totius
1006 1128 1195 1167 exercitus
1215 1125 1529 1177 impedimentis,
1559 1137 1581 1164 a

297 1195 367 1234 Cn.
387 1192 559 1233 Domitio
584 1190 799 1242 petebatur.
822 1191 876 1231 Ea
897 1203 955 1230 res
979 1191 1014 1230 δι
1040 1189 1162 1230 Caffio
1183 1188 1342 1228 salutem
1371 1185 1518 1235 attulit,
1544 1188 1582 1226 δέ

293 1257 488 1304 Favoni03
503 1267 608 1305 curn,
627 1254 688 1294 die
707 1266 750 1292 ac
768 1253 1119 1295 noetecontinuato
1137 1251 1285 1298 itinere,
1302 1249 1369 1290 sub
1390 1250 1493 1288 idem
1508 1248 1581 1287 fcr-

295 1331 360 1359 me
387 1310 538 1368 tempus
552 1347 564 1365 ,
587 1329 663 1367 quo
680 1315 872 1355 Domitius
893 1314 1120 1354 imminebat
1135 1345 1145 1363 ‚
1173 1314 1302 1365 Scipio
1325 1310 1554 1370 ofcurriss'et.

364 1380 487 1420 XLll.
518 1378 716 1426 Domitio,
750 1390 798 1416 ne
834 1377 1107 1417 Macedoniam
1143 1388 1329 1422 omnem,
1366 1373 1496 1414 multis
1535 1374 1584 1414 ad
1640 1391 1643 1395 >

298 1457 387 1483 eum
412 1442 709 1489 accedentibus,
728 1449 937 1491 occuparet
952 1470 962 1488 ,
988 1439 1142 1480 Faustus
1163 1438 1266 1479 Sulla
1289 1439 1490 1477 restiterat:
1518 1437 1587 1490 igi-

298 1515 361 1545 tur
395 1504 563 1544 ass'umtis
598 1503 758 1551 AEtolis,
781 1505 816 1543 δε
848 1505 1112 1552 Acarnanum,
1140 1504 1175 1541 Sc
1210 1502 1452 1548 Locrorum,
1489 1512 1584 1551 quos

298 1565 582 1618 Amphilochos
607 1575 767 1612 vocant,
785 1564 956 1614 auxiliis,
972 1577 1053 1614 quae
1071 1575 1201 1614 gentes
1216 1576 1346 1602 recens
1370 1575 1483 1613 opera
1501 1561 1588 1601 Cas-

299 1630 343 1670 fii
370 1628 557 1679 Longini,
584 1635 650 1666 aut
676 1626 824 1666 Calvisii
849 1625 978 1665 Sabini
1004 1634 1168 1675 receptae
1196 1634 1323 1673 erant,
1359 1625 1398 1662 in
1431 1622 1588 1663 Thefl'a-

301 1693 429 1732 lorum
465 1691 558 1730 fines
592 1690 831 1740 processerat.
873 1689 1270 1739 Postquamveodem,
1311 1689 1365 1726 uti
1399 1687 1589 1734 diximus,

305 1756 435 1806 Scipio
470 1755 594 1801 venit,
633 1752 866 1792 Domitianis
902 1764 1070 1802 pugnam
1104 1752 1349 1802 optantibus,
1378 1749 1455 1789 hoc
1485 1749 1591 1788 refu-

303 1820 462 1871 giente,
505 1817 621 1856 castra
657 1816 783 1855 castris
819 1815 959 1854 collata
993 1815 1102 1863 sunt,
1141 1817 1176 1855 δε
1210 1827 1323 1866 parva
1354 1826 1401 1853 ex
1441 1812 1586 1852 insidiis

301 1881 438 1933 proelia
474 1881 573 1920 facta
595 1910 607 1926 ‚
644 1878 781 1929 quibus
817 1877 1022 1928 superiores
1059 1877 1202 1926 Juliani
1251 1876 1415 1915 fuerunt.
1480 1873 1589 1913 Inter

304 1942 388 1980 haec
406 1940 525 1981 Caesar
539 1972 550 1989 ,
574 1939 683 1990 plura
705 1951 856 1989 quoque
872 1938 1057 1976 tentanda
1084 1945 1209 1984 ratus,
1227 1936 1376 1976 fufium
1400 1934 1586 1975 Calenum

305 2003 431 2051 misit,
458 2004 544 2053 qui,
565 2001 686 2041 <suffio
711 2004 746 2040 ὁὶ
763 2000 904 2040 Sabino
931 2000 1143 2049 adJunffis,
1164 1998 1317 2049 longius
1345 1997 1589 2049 progredere-

305 2074 377 2105 tur.
401 2065 532 2115 Isque,
559 2063 737 2104 Phocidis
756 2064 790 2102 δε
812 2063 969 2102 Boeotiae
987 2061 1211 2112 quibusdam
1235 2061 1392 2100 urbibus
1419 2059 1592 2098 volunta.

305 2137 345 2167 te
374 2128 626 2167 incolentium
650 2126 838 2177 receptis,
866 2126 1094 2176 quibusdam
1119 2124 1346 2175 expugnatis
1365 2154 1376 2169 ,
1403 2124 1442 2161 in
1470 2121 1595 2162 Acha-

307 2193 386 2241 jam
412 2199 539 2230 tamen
557 2221 567 2237 ,
598 2190 741 2230 Isthmo
763 2203 784 2228 a
810 2189 1053 2239 Pompejanis
1084 2187 1257 2234 munito,
1284 2196 1482 2236 penetrare
1513 2195 1593 2221 non

308 2253 447 2303 potuit.
476 2251 643 2292 Rutilius
670 2252 798 2301 Lupus
828 2262 908 2289 tum
936 2250 1135 2290 obtinebat
1158 2248 1366 2297 Acbajam,
1405 2244 1593 2284 successor

310 2330 331 2356 a
364 2318 546 2367 Pompejo
572 2316 700 2354 mistus
729 2316 797 2365 Ap.
819 2314 982 2354 Claudio
999 2345 1008 2362 ‚
1044 2314 1110 2363 qui
1136 2324 1281 2362 nuper,
1310 2309 1455 2350 oraculi
1480 2309 1594 2348 dece-

312 2435 393 2513 C-S·
417 2434 488 2468 XL.
515 2435 658 2469 sueton.
686 2431 770 2467 Caes.
798 2432 874 2467 val.
901 2431 999 2465 Max:
1027 2431 1116 2465 flor.
1155 2430 1176 2474 §
1201 2430 1287 2463 XLI.
1312 2428 1454 2462 Diodor.
1485 2428 1508 2460 l.
1539 2436 1590 2460 12.

346 2487 400 2514 ael.
