1675 2959
289 97 366 144 IN
406 94 586 145 LOC.
627 95 767 140 LIB.
801 87 884 140 CV
944 94 1082 140 LIV.
1268 112 1355 142 201

131 203 280 246 XXIV.
301 203 377 246 Sed
404 203 444 243 in
466 214 510 241 ea
534 214 686 246 morum
701 201 878 241 foeditate
899 200 994 239 nihil
1023 200 1130 240 aliud
1152 200 1231 239 fieri
1254 211 1362 251 pote.³

81 272 160 305 rat:
193 264 336 315 ipsique
368 265 539 305 auctores
560 263 652 314 legis
674 263 767 305 tales
793 271 924 310 erant,
962 272 1005 303 ut
1027 261 1162 305 severit,¹
1186 264 1366 301 incorruq

79 326 228 377 ptisque
250 326 443 376 judicibus
461 326 526 364 {ibi
548 326 644 365 nihil
662 339 758 377 opus
780 325 854 365 effe
870 325 1136 366 existimarent.
1156 325 1241 365 Nec
1254 327 1364 364 enim

80 388 241 427 crimina
263 398 329 428 aut
350 387 586 427 accusatores
605 388 665 433 vel
687 388 832 438 Magno
853 387 1036 437 Pompeio
1060 387 1239 434 deerant,
1260 383 1285 424 si
1305 388 1367 435 ju-

83 451 184 491 dicia
209 451 278 489 rite
306 454 340 491 ἃ
363 451 482 490 libere
507 457 786 501 exercetentur.
825 451 958 500 Neque
987 448 1260 488 diffiinulatum
1286 447 1365 488 hoc

79 524 104 553 a
128 512 195 552 Cn.
222 513 376 561 Pisone,
402 514 466 563 qui
491 512 696 552 Manilium
727 510 899 561 Crispum
928 511 1129 560 accusans,
1167 523 1257 557 cum
1291 511 1371 549 evi-

81 573 219 613 denter
249 587 355 613 reum
379 587 401 612 a
428 575 612 624 Pompejo
642 573 788 616 videret
822 573 937 622 eripi,
961 571 1122 622 juvenili
1152 572 1369 611 temeritate

82 635 206 674 multa
236 637 397 675 crimina
431 637 655 686 praepotenti
683 635 872 675 defensori
900 635 1056 685 objecit.
1101 636 1154 675 Ad
1177 635 1259 674 haec
1280 646 1372 676 cum

80 697 285 747 Pompejus
320 698 496 746 dixiffet,
525 700 591 737 Cur
614 698 722 749 igitur
750 712 801 734 me
825 711 957 750 quoque
992 711 1062 734 non
1097 697 1277 749 accuflzs?
1296 709 1365 735 re-

82 760 264 809 spondit:
286 763 352 800 Da
374 763 505 813 praedes
523 761 717 814 reipublicae
731 790 742 809 9
762 774 815 808 te,
832 762 871 812 fi
880 761 1077 814 postulatus
1101 760 1239 810 fixeris,
1266 759 1371 798 civile

82 822 208 860 bellum
235 838 304 860 non
332 824 583 861 excitaturum:
607 822 712 861 etiam
737 823 779 858 de
810 833 892 869 tuo,
912 821 1115 874 priufiluam
1145 821 1185 859 de
1216 819 1372 859 Manilii
1412 851 1417 853 >

82 883 224 935 capire,
245 885 285 921 in
303 884 479 935 confilium
499 883 634 934 judices
658 884 805 922 mittam.

155 951 280 991 XXV.
318 951 527 992 Laudanda
561 960 691 990 tamen
718 951 769 989 est
787 952 826 990 in
851 950 912 989 his
936 951 1110 1002 Pompeji
1134 951 1373 999 moderatio,

83 1013 149 1063 qui
172 1014 287 1052 etiarn
316 1013 535 1053 infimorum
569 1013 771 1053 hominum
802 1014 974 1053 convicia
1001 1013 1160 1052 civiliter
1187 1013 1300 1052 tulit:
1331 1015 1374 1054 in

84 1075 221 1125 quibus
252 1077 287 1114 δε
314 1075 495 1116 Helvium
512 1076 714 1116 Manciam
741 1074 1012 1124 Formianum,
1033 1075 1200 1115 libertini
1223 1074 1371 1123 filium,

88 1136 456 1188 importunissimum
485 1137 639 1186 senem,
678 1140 713 1178 Sc
740 1151 761 1177 a
789 1140 992 1187 juventute
1019 1149 1249 1188 magnorum
1278 1137 1378 1175 viro-

85 1214 171 1240 rum
204 1201 425 1241 inimicitias
454 1200 600 1240 rabiosa
628 1201 835 1241 dicacitate
866 1214 1076 1252 provocare
1105 1200 1272 1240 solitum.
1298 1199 1373 1244 Ta-

87 1262 134 1301 lis
169 1264 374 1313 PompeJus
405 1271 489 1303 tum
518 1270 625 1311 erat,
657 1274 744 1303 cum
777 1263 922 1314 legibus
955 1264 1201 1303 constitueret
1239 1262 1373 1301 civitau

87 1332 193 1363 tem:
235 1337 281 1363 ex
309 1324 473 1374 quibus,
498 1338 579 1374 quae
613 1326 661 1364 de
692 1327 905 1376 parricidiis
932 1326 1038 1374 fuit,
1071 1326 1188 1365 hodie
1221 1337 1377 1376 quoque

85 1387 165 1426 vim
193 1386 360 1436 aliquam
385 1387 555 1435 obtinet3
583 1396 716 1427 ceterae
740 1387 1002 1429 exoleverunt.
1031 1389 1133 1429 Nam
1161 1390 1196 1427 δε
1223 1389 1271 1427 de
1296 1401 1375 1426 am-

86 1449 169 1491 bitu
194 1449 333 1488 tulerat
349 1480 360 1499 ,
386 1452 496 1490 aucta
519 1449 767 1501 largitionum
791 1464 929 1502 poena,
961 1464 1053 1501 quas
1077 1464 1194 1490 nemo
1233 1451 1377 1490 fecerat

86 1510 366 1561 impudentius.
406 1511 623 1551 Sumtuaria
659 1524 749 1551 cum
774 1511 866 1551 esset
899 1511 1165 1563 promulgata,
1201 1510 1376 1551 celeriter

88 1572 285 1620 concidit;
326 1573 528 1612 Hortensio
564 1572 738 1623 speciosis
774 1574 996 1614 nominibus
1035 1582 1167 1613 tuente
1202 1572 1375 1621 luxum,

88 1633 336 1684 consulesque
360 1633 462 1685 ipsos
497 1634 703 1683 laudante,
735 1637 846 1687 quod,
877 1636 974 1674 cultu
990 1637 1173 1688 fizmtuque
1201 1634 1382 1687 magnifici

89 1699 125 1736 δ’
142 1697 254 1746 lauti,
270 1698 382 1737 vitam
405 1698 664 1736 convenientem
688 1696 855 1750 majestati
868 1697 1044 1752 principis
1067 1696 1214 1750 populi,
1234 1698 1377 1749 suaeque

91 1758 241 1811 ipsorum
265 1758 429 1811 dignitati
453 1773 496 1796 ac
513 1759 636 1811 opibus
652 1788 666 1804 ‚
695 1760 861 1810 degerent.
1368 1756 1370 1759 ⁵

143 1818 293 1860 XXVI.
322 1820 370 1859 Et
391 1819 602 1870 pervaserat
626 1833 670 1859 ea
690 1821 914 1870 tempestate
939 1820 979 1859 in
1006 1832 1140 1859 omnes
1172 1819 1292 1858 ferme
1313 1819 1371 1859 in-

90 1880 304 1920 tolerabilis
340 1881 476 1929 luxus,
504 1882 690 1933 multique
723 1883 886 1929 civitatis¹
921 1884 1116 1933 principes
1146 1884 1240 1922 mira
1271 1882 1372 1921 sum-

86 1952 201 1983 tuum
222 1943 366 1984 insania
392 1944 633 1989 notabantur.
658 1944 848 1996 Philippi,
868 1945 1083 1993 Hortenfii‚
1107 1943 1278 1992 Luculli,
1306 1944 1373 1983 de-

91 2017 180 2044 cora
205 2007 240 2045 δε
265 2013 490 2046 ornamenta
512 2005 686 2054 senatus,
714 2006 808 2046 luxu
837 2006 1082 2046 diffluebant:
1119 2018 1215 2056 quos
1238 2004 1289 2043 ob
1316 2005 1373 2043 in‘-

90 2068 228 2107 sanum
262 2069 302 2106 in
334 2067 401 2107 has
426 2068 588 2118 ineptias
619 2068 781 2108 studium
811 2070 1025 2122 piscinarios
1063 2080 1201 2106 vocare
1235 2066 1370 2106 Cicero

92 2128 261 2176 solebam
286 2128 416 2181 negligi
433 2143 502 2181 prce
524 2130 580 2166 lzis
611 2131 850 2182 rempublicam
881 2142 1041 2179 arguens
1056 2160 1067 2177 ‚
1090 2130 1171 2166 dnm
1198 2128 1252 2166 illi
1272 2128 1373 2180 prin·

89 2191 183 2241 cipes
209 2191 319 2244 digito
349 2189 466 2228 coelum
491 2202 617 2243 putent
642 2192 832 2244 attingere,
844 2193 883 2242 fi
901 2192 1002 2229 multi
1033 2191 1132 2229 mulli
1167 2190 1304 2228 barbati
1330 2187 1370 2226 iu

87 2253 237 2307 piscinis
257 2254 351 2304 fine,
379 2253 439 2306 qui
472 2254 522 2291 ad
544 2267 682 2291 manum
712 2255 888 2292 accedant.
915 2251 1078 2302 Eratque
1114 2252 1366 2292 inveteratum

137 2397 160 2446 ᾗ
183 2398 399 2448 XXVeplin.
419 2408 455 2441 9,
478 2409 530 2441 54.
551 2399 624 2435 Cic.
644 2400 687 2440 ad*
711 2398 820 2439 Art-ic.
857 2408 870 2430 τ
885 2424 895 2438 2
927 2407 977 2436 ις.
