1675 2959
351 126 441 168 144
506 110 600 157 JO.
635 111 1134 161 FR‘EINSHEMH
1170 115 1528 168 SUPPLEM.

343 233 412 271 quo
427 218 560 270 famem
587 218 779 258 tolerarent.
806 218 974 259 Nolebat
995 221 1097 260 enim
1126 222 1394 265 Helvetiorum
1414 238 1554 266 vacuos
1576 225 1620 266 fi-

334 292 414 318 rnes
438 293 459 318 a
484 280 679 319 Germanis
701 281 907 329 occupari,
932 295 1025 330 quos
1052 294 1182 332 graves
1205 286 1411 335 provinciis
1438 286 1620 326 Romanis

341 341 496 381 futuro-s
515 341 665 380 accolas
687 341 891 381 metuebat.
906 342 1041 393 Bojos,
1057 344 1161 393 quod
1181 347 1329 396 egregia
1343 347 1478 386 virtute
1498 356 1620 395 erant,

342 401 561 452 petentibus
587 401 717 440 AEduis
744 401 877 450 dedit,
903 416 990 454 quos
1015 403 1052 440 in
1069 404 1208 452 finibus
1220 407 1302 456 suis
1317 408 1512 459 praefidium
1537 421 1620 446 con-

338 476 394 501 tra
419 463 608 500 Germanos
628 462 846 502 collocarent.
874 462 1013 513 eql'que
1034 464 1161 513 postea
1181 465 1295 505 AEdui
1323 469 1363 506 in
1389 479 1537 519 partem
1559 470 1620 517 ju-

336 527 391 563 xis
416 535 526 573 atque
544 523 728 562 libertatis
763 525 1028 563 conditionem
1044 555 1054 573 ,
1080 538 1152 575 qua
1177 527 1244 577 ipfi
1265 539 1440 579 agerent,
1467 542 1619 581 recepe·

336 596 440 625 >runt.
478 587 522 625 ln
545 587 661 637 castris
685 586 928 625 Helvetiorum
956 588 1098 625 tabulas
1123 603 1272 641 repertas
1298 590 1360 643 ff
1382 594 1516 632 Graecis
1541 593 1618 630 lite-

337 651 390 688 ris
410 646 581 698 conjkclas
594 677 604 694 ,
624 646 744 686 Caesar
765 648 944 695 tradidit,
962 647 1172 687 harundem
1194 662 1319 689 rerum
1341 654 1472 692 auster
1489 653 1619 700 idem,

335 712 572 761 scriptorque
599 710 909 760 incomparabilis
926 740 937 757 ‚
965 713 1104 760 quibus
1137 713 1234 753 ratio
1265 717 1526 755 contineretur
1555 729 1619 767 ge.

335 786 472 812 nerum
508 773 754 822 capitumque
775 771 1034 811 Helvetiorum
1068 774 1103 811 <Sc
1131 772 1347 823 sociorum,
1382 788 1465 825 quae
1497 776 1616 815 domo

337 834 507 874 exiss'ent,
551 835 709 873 Summa
746 843 827 872 erat
863 833 1132 873 Helvetiorum
1166 834 1284 874 millia
1321 837 1486 876 ducenta
1511 837 1617 876 sexa·

335 898 442 946 ginta
470 896 562 934 tria:
596 893 849 944 Tulingorum
874 894 992 933 millia
1016 896 1172 945 triginta
1203 895 1287 936 sex:
1317 897 1617 949 Lacobrigorum

322 957 627 1008 „quatuordecim
651 970 660 996 :
700 957 962 997 Rauracorum.
990 958 1060 996 tria
1087 960 1121 996 ἃ
1143 958 1302 1007 viginti:
1330 959 1511 1008 Bojorum
1537 962 1614 1000 duo

328 1021 370 1059 ἀ
395 1020 572 1069 triginta:
603 1018 764 1065 horum,
789 1019 852 1067 qui
877 1031 979 1057 arma
1005 1019 1104 1056 ferre
1126 1018 1293 1068 pofl'ent,
1318 1020 1367 1058 ad
1392 1021 1510 1060 millia
1535 1022 1614 1061 duo

333 1084 371 1122 ἅ
399 1082 615 1131 nonaginta
641 1094 686 1119 ez
711 1081 816 1119 omni
840 1079 916 1119 hoc
944 1092 1104 1120 numero
1132 1089 1286 1120 tantum
1309 1092 1399 1121 cent
1401 1095 1464 1122 um
1489 1086 1524 1124 Sc
1550 1083 1615 1123 de.

333 1157 420 1183 cem
446 1143 563 1182 millia
594 1144 755 1195 domum
783 1142 989 1180 redierunt.

390 1205 608 1244 CXXXVI.
646 1205 730 1243 Hoc
759 1205 925 1253 primum
951 1202 1130 1243 Caesaris
1121 1217 1162 1243 in
1186 1202 1307 1243 Gallia
1336 1203 1482 1244 bellum
1505 1206 1607 1248 fuit:

330 1266 436 1305 unde
461 1279 550 1304 mox
581 1265 652 1304 alia
678 1265 828 1315 aliaque
856 1264 1007 1311 secuta,
1038 1264 1174 1314 quibus
1201 1264 1267 1304 ille
1292 1279 1360 1316 per
1385 1280 1504 1307 annos
1537 1281 1614 1307 no-

268 1353 278 1367 ,
329 1341 438 1375 vem,
465 1338 582 1366 totam
610 1329 659 1366 ad
695 1327 875 1368 Rhenum
906 1328 1182 1378 Oceanumque
1211 1329 1452 1379 perdomuit;
1490 1332 1610 1372 etiam

331 1390 443 1429 semel
470 1392 684 1440 iterumque
705 1392 862 1439 trajecto
882 1389 1016 1430 Rheno
1034 1391 1276 1430 Germaniam
1295 1391 1607 1442 ingreffus.1Haec

331 1452 462 1490 omnia
485 1465 560 1502 quo
585 1451 737 1490 facilius
763 1451 972 1501 meliusque
993 1451 1222 1500 noscantur,
1246 1454 1446 1504 regionum
1462 1453 1614 1497 illarum

327 1515 443 1562 iitus,
476 1516 510 1553 Sc.
539 1513 677 1564 quibus
710 1513 778 1552 sub
805 1527 849 1552 ea
882 1523 1055 1564 tempora
1085 1515 1263 1565 gentibus
1285 1516 1506 1557 inhabitatae
1528 1518 1615 1558 fue-

329 1577 424 1624 rint,
449 1590 573 1627 operae
600 1576 762 1627 pretium
787 1577 838 1615 est
864 1589 1068 1627 exponere.
1099 1574 1263 1617 Galliam
1291 1578 1459 1619 Romani
1485 1580 1611 1630 dupli..

329 1651 414 1678 cem
450 1640 656 1690 antiquitus
680 1639 875 1687 fecerunt,
909 1639 1067 1689 Alpibus
1101 1638 1294 1680 discretas.
1327 1641 1498 1690 Harum,
1525 1655 1613 1692 quz

328 1699 377 1738 ab
407 1699 529 1739 Roma
566 1700 617 1738 est
646 1701 850 1746 remotior,
875 1712 918 1739 ea
942 1699 1017 1738 hoc
1045 1700 1232 1740 vocabulo
1257 1701 1449 1752 hodieque
1473 1702 1609 1742 cense-

327 1770 417 1801 tur:
455 1770 492 1800 at
527 1774 640 1811 quam
678 1760 731 1799 illi
765 1761 933 1813 Togatam
960 1771 1168 1809 vocarunt,
1196 1774 1281 1803 eam
1310 1763 1495 1812 posterior
1521 1771 1610 1804 aetas

327 1824 375 1863 ab
408 1825 516 1863 novis
546 1823 683 1862 incolis
716 1824 929 1862 nominavit
957 1824 1264 1877 Longohardiam,
1298 1838 1379 1876 quae
1407 1837 1511 1865 nunc
1535 1827 1609 1867 Ita-

327 1885 388 1925 11ae
414 1899 497 1935 pars
522 1884 584 1924 est.

408 1945 649 1986 CXXXVH.
693 1945 829 1984 Veram
866 1945 1027 1986 Galliam
1060 1957 1164 1985 vetus
1194 1958 1283 1986 aetas
1312 1948 1349 1986 in
1382 1947 1606 1990 Braccatam

326 2009 605 2058 Com-aramque
629 2008 764 2047 divisit.
803 2008 1000 2062 Braccata,
1027 2022 1109 2059 quae
1141 2011 1175 2049 Sc
1201 2010 1474 2058 Narbonensis,
1499 2022 1605 2051 vetus

324 2070 457 2120 populi
494 2071 652 2110 Romani
683 2071 876 2120 provincia
903 2072 985 2110 fuit.
1034 2072 1234 2110 Comatam
1263 2071 1383 2112 Caesar
1415 2072 1606 2122 triplicem

324 2130 442 2176 fecit,
472 2130 605 2179 Belgas
629 2144 648 2169 a
676 2130 810 2170 Rheno
841 2132 886 2170 ad
920 2133 1159 2181 Sequanam,
1182 2131 1309 2172 Celtas
1338 2133 1435 2172 inter
1461 2133 1602 2182 Sequa-

323 2205 414 2231 nam
437 2194 470 2232 ἃ
497 2194 755 2232 Garumnam:
779 2194 959 2244 reliquam
988 2205 1156 2244 partem,
1179 2207 1261 2243 quae
1289 2195 1504 2241 Garumna,
1530 2194 1602 2244 Py.

321 2253 526 2304 renceii'que
562 2258 596 2294 ὁὶ
634 2255 792 2295 Oceano
825 2255 1039 2304 clauditur,
1067 2256 1239 2296 attribuit
1272 2258 1481 2307 Aquitanis
1523 2256 1601 2299 Sed

371 2381 391 2420 Ε
420 2381 505 2412 CX
502 2381 591 2412 XV.
616 2381 704 2413 Plut.
724 2381 761 2413 in
778 2382 856 2413 Cat.
879 2394 907 2413 c.
931 2382 971 2419 48
980 2384 1082 2415 .Cic.
1106 2396 1167 2428 pro
1186 2385 1278 2418 Sext.
1296 2394 1326 2416 c.
1351 2382 1405 2416 28.
1424 2381 1546 2427 Vellei.
1565 2393 1597 2423 λ,

321 2426 1290 2473 45.§cxxssxvl.1)i0d0s.5mb.1.14.,
