<?xml version="1.0" encoding="UTF-8"?>
<!DOCTYPE html PUBLIC "-//W3C//DTD XHTML 1.0 Transitional//EN"
    "http://www.w3.org/TR/xhtml1/DTD/xhtml1-transitional.dtd">
<html xmlns="http://www.w3.org/1999/xhtml" xml:lang="en" lang="en">
 <head>
  <title>
</title>
<meta http-equiv="Content-Type" content="text/html;charset=utf-8" />
  <meta name='ocr-system' content='tesseract 3.04.00' />
  <meta name='ocr-capabilities' content='ocr_page ocr_carea ocr_par ocr_line ocrx_word'/>
</head>
<body>
  <div class='ocr_page' id='page_1' title='image "./historiarumlibri10livyuoft_0047.png"; bbox 0 0 1675 2959; ppageno 0'>
   <div class='ocr_carea' id='block_1_1' title="bbox 322 153 1372 211">
    <p class='ocr_par' dir='ltr' id='par_1_1' title="bbox 322 153 1372 211">
     <span class='ocr_line' id='line_1_1' title="bbox 322 153 1372 211; baseline -0.006 -7"><span class='ocrx_word' id='word_1_1' title='bbox 322 153 1107 205; x_wconf 79' lang='lat' dir='ltr'>INLOC.L113.C1L1V.</span> <span class='ocrx_word' id='word_1_2' title='bbox 1311 169 1372 211; x_wconf 77' lang='lat'>41</span> 
     </span>
    </p>
   </div>
   <div class='ocr_carea' id='block_1_2' title="bbox 94 257 1390 2289">
    <p class='ocr_par' dir='ltr' id='par_1_2' title="bbox 96 257 1385 869">
     <span class='ocr_line' id='line_1_2' title="bbox 151 257 1384 312; baseline -0.007 -6"><span class='ocrx_word' id='word_1_3' title='bbox 151 264 264 306; x_wconf 88' lang='lat' dir='ltr'>XXI.</span> <span class='ocrx_word' id='word_1_4' title='bbox 292 264 458 304; x_wconf 87' lang='lat' dir='ltr'>Dolebat</span> <span class='ocrx_word' id='word_1_5' title='bbox 483 273 636 312; x_wconf 78' lang='lat' dir='ltr'>tamen,</span> <span class='ocrx_word' id='word_1_6' title='bbox 659 263 764 312; x_wconf 90' lang='lat' dir='ltr'>quod</span> <span class='ocrx_word' id='word_1_7' title='bbox 788 274 832 300; x_wconf 88' lang='lat' dir='ltr'>ea</span> <span class='ocrx_word' id='word_1_8' title='bbox 855 274 934 309; x_wconf 86' lang='lat' dir='ltr'>res,</span> <span class='ocrx_word' id='word_1_9' title='bbox 959 271 1047 299; x_wconf 85' lang='lat' dir='ltr'>cum</span> <span class='ocrx_word' id='word_1_10' title='bbox 1070 260 1169 298; x_wconf 87' lang='lat' dir='ltr'>intra</span> <span class='ocrx_word' id='word_1_11' title='bbox 1191 257 1384 308; x_wconf 79' lang='lat' dir='ltr'>legitimos</span> 
     </span>
     <span class='ocr_line' id='line_1_3' title="bbox 98 319 1383 377; baseline -0.008 -10"><span class='ocrx_word' id='word_1_12' title='bbox 98 326 179 367; x_wconf 90' lang='lat' dir='ltr'>dies</span> <span class='ocrx_word' id='word_1_13' title='bbox 208 326 375 377; x_wconf 82' lang='lat' dir='ltr'>profiteri</span> <span class='ocrx_word' id='word_1_14' title='bbox 399 337 477 363; x_wconf 90' lang='lat' dir='ltr'>non</span> <span class='ocrx_word' id='word_1_15' title='bbox 506 323 648 373; x_wconf 84' lang='lat' dir='ltr'>poffet,</span> <span class='ocrx_word' id='word_1_16' title='bbox 673 323 840 373; x_wconf 90' lang='lat' dir='ltr'>petituro</span> <span class='ocrx_word' id='word_1_17' title='bbox 865 319 1103 360; x_wconf 87' lang='lat' dir='ltr'>consulatum</span> <span class='ocrx_word' id='word_1_18' title='bbox 1126 319 1383 370; x_wconf 80' lang='lat' dir='ltr'><strong>impedimen-</strong></span> 
     </span>
     <span class='ocr_line' id='line_1_4' title="bbox 97 381 1383 437; baseline -0.005 -9"><span class='ocrx_word' id='word_1_19' title='bbox 97 398 139 428; x_wconf 81' lang='lat' dir='ltr'>to</span> <span class='ocrx_word' id='word_1_20' title='bbox 166 389 298 428; x_wconf 80' lang='lat' dir='ltr'>fuerat.</span> <span class='ocrx_word' id='word_1_21' title='bbox 332 389 498 425; x_wconf 71' lang='lat' dir='ltr'>rationem</span> <span class='ocrx_word' id='word_1_22' title='bbox 519 387 622 424; x_wconf 84' lang='lat' dir='ltr'>enim</span> <span class='ocrx_word' id='word_1_23' title='bbox 650 385 725 437; x_wconf 84' lang='lat' dir='ltr'>ejus</span> <span class='ocrx_word' id='word_1_24' title='bbox 747 384 864 422; x_wconf 80' lang='lat' dir='ltr'>haberi</span> <span class='ocrx_word' id='word_1_25' title='bbox 893 399 962 422; x_wconf 75' lang='lat' dir='ltr'>non</span> <span class='ocrx_word' id='word_1_26' title='bbox 982 382 1098 435; x_wconf 78' lang='lat' dir='ltr'>p0ffi‚</span> <span class='ocrx_word' id='word_1_27' title='bbox 1123 382 1312 421; x_wconf 82' lang='lat' dir='ltr'><strong>referente</strong></span> <span class='ocrx_word' id='word_1_28' title='bbox 1331 381 1383 421; x_wconf 86' lang='lat' dir='ltr'>ad</span> 
     </span>
     <span class='ocr_line' id='line_1_5' title="bbox 98 441 1384 494; baseline -0.008 -4"><span class='ocrx_word' id='word_1_29' title='bbox 98 450 298 490; x_wconf 88' lang='lat' dir='ltr'>confilium</span> <span class='ocrx_word' id='word_1_30' title='bbox 332 449 374 490; x_wconf 90' lang='lat' dir='ltr'>L.</span> <span class='ocrx_word' id='word_1_31' title='bbox 399 447 574 486; x_wconf 84' lang='lat' dir='ltr'>Volcatio</span> <span class='ocrx_word' id='word_1_32' title='bbox 601 446 717 487; x_wconf 85' lang='lat' dir='ltr'>Tullo</span> <span class='ocrx_word' id='word_1_33' title='bbox 751 444 935 493; x_wconf 85' lang='lat' dir='ltr'>consule,</span> <span class='ocrx_word' id='word_1_34' title='bbox 969 445 1034 494; x_wconf 89' lang='lat' dir='ltr'>qui</span> <span class='ocrx_word' id='word_1_35' title='bbox 1067 443 1224 482; x_wconf 84' lang='lat' dir='ltr'>comitia</span> <span class='ocrx_word' id='word_1_36' title='bbox 1258 441 1384 481; x_wconf 84' lang='lat' dir='ltr'>habe-</span> 
     </span>
     <span class='ocr_line' id='line_1_6' title="bbox 96 505 1385 562; baseline -0.008 -9"><span class='ocrx_word' id='word_1_37' title='bbox 96 512 191 562; x_wconf 90' lang='lat' dir='ltr'>bat,</span> <span class='ocrx_word' id='word_1_38' title='bbox 221 520 301 551; x_wconf 86' lang='lat' dir='ltr'>erat</span> <span class='ocrx_word' id='word_1_39' title='bbox 325 512 554 562; x_wconf 82' lang='lat' dir='ltr'>judicatum.</span> <span class='ocrx_word' id='word_1_40' title='bbox 586 509 699 549; x_wconf 82' lang='lat' dir='ltr'>Forte</span> <span class='ocrx_word' id='word_1_41' title='bbox 728 508 942 557; x_wconf 87' lang='lat' dir='ltr'>acciderat,</span> <span class='ocrx_word' id='word_1_42' title='bbox 978 518 1021 546; x_wconf 89' lang='lat' dir='ltr'>ut</span> <span class='ocrx_word' id='word_1_43' title='bbox 1052 506 1167 558; x_wconf 88' lang='lat' dir='ltr'>paulo</span> <span class='ocrx_word' id='word_1_44' title='bbox 1193 513 1282 545; x_wconf 89' lang='lat' dir='ltr'>ante</span> <span class='ocrx_word' id='word_1_45' title='bbox 1315 505 1385 544; x_wconf 92' lang='lat' dir='ltr'>de-</span> 
     </span>
     <span class='ocr_line' id='line_1_7' title="bbox 96 569 1383 625; baseline -0.007 -10"><span class='ocrx_word' id='word_1_46' title='bbox 96 575 227 625; x_wconf 81' lang='lat' dir='ltr'>fignati</span> <span class='ocrx_word' id='word_1_47' title='bbox 256 574 430 614; x_wconf 87' lang='lat' dir='ltr'>consules</span> <span class='ocrx_word' id='word_1_48' title='bbox 461 574 498 613; x_wconf 89' lang='lat' dir='ltr'>P.</span> <span class='ocrx_word' id='word_1_49' title='bbox 523 573 731 612; x_wconf 78' lang='lat' dir='ltr'><strong>Autronius</strong></span> <span class='ocrx_word' id='word_1_50' title='bbox 753 572 907 618; x_wconf 72' lang='lat' dir='ltr'>peetus,</span> <span class='ocrx_word' id='word_1_51' title='bbox 946 571 981 610; x_wconf 89' lang='lat' dir='ltr'>P.</span> <span class='ocrx_word' id='word_1_52' title='bbox 1008 570 1228 617; x_wconf 78' lang='lat' dir='ltr'>Cornelius,</span> <span class='ocrx_word' id='word_1_53' title='bbox 1250 569 1383 609; x_wconf 83' lang='lat' dir='ltr'>Servio</span> 
     </span>
     <span class='ocr_line' id='line_1_8' title="bbox 99 629 1385 685; baseline -0.007 -9"><span class='ocrx_word' id='word_1_54' title='bbox 99 635 203 676; x_wconf 85' lang='lat' dir='ltr'>Sulla</span> <span class='ocrx_word' id='word_1_55' title='bbox 239 636 432 675; x_wconf 46' lang='lat' dir='ltr'>dictatoris</span> <span class='ocrx_word' id='word_1_56' title='bbox 463 635 578 675; x_wconf 87' lang='lat' dir='ltr'>fratre</span> <span class='ocrx_word' id='word_1_57' title='bbox 604 634 780 685; x_wconf 86' lang='lat' dir='ltr'>genitus,</span> <span class='ocrx_word' id='word_1_58' title='bbox 806 631 891 683; x_wconf 85' lang='lat' dir='ltr'>lege</span> <span class='ocrx_word' id='word_1_59' title='bbox 912 631 1119 682; x_wconf 86' lang='lat' dir='ltr'>Calpurnia</span> <span class='ocrx_word' id='word_1_60' title='bbox 1145 629 1385 681; x_wconf 85' lang='lat' dir='ltr'>postularen-</span> 
     </span>
     <span class='ocr_line' id='line_1_9' title="bbox 98 691 1385 747; baseline -0.005 -10"><span class='ocrx_word' id='word_1_61' title='bbox 98 705 184 745; x_wconf 80' lang='lat' dir='ltr'>tur3</span> <span class='ocrx_word' id='word_1_62' title='bbox 208 697 342 747; x_wconf 83' lang='lat' dir='ltr'>hisque</span> <span class='ocrx_word' id='word_1_63' title='bbox 371 698 583 745; x_wconf 84' lang='lat' dir='ltr'>damnatis,</span> <span class='ocrx_word' id='word_1_64' title='bbox 615 696 655 736; x_wconf 94' lang='lat' dir='ltr'>L.</span> <span class='ocrx_word' id='word_1_65' title='bbox 687 694 835 743; x_wconf 80' lang='lat' dir='ltr'>Cottae,</span> <span class='ocrx_word' id='word_1_66' title='bbox 871 694 914 734; x_wconf 93' lang='lat' dir='ltr'>L.</span> <span class='ocrx_word' id='word_1_67' title='bbox 948 694 1168 744; x_wconf 84' lang='lat' dir='ltr'>Torquato,</span> <span class='ocrx_word' id='word_1_68' title='bbox 1200 691 1385 731; x_wconf 90' lang='lat' dir='ltr'>consula-</span> 
     </span>
     <span class='ocr_line' id='line_1_10' title="bbox 97 751 1384 804; baseline -0.005 -7"><span class='ocrx_word' id='word_1_69' title='bbox 97 767 158 799; x_wconf 87' lang='lat' dir='ltr'>tus</span> <span class='ocrx_word' id='word_1_70' title='bbox 183 759 456 798; x_wconf 82' lang='lat' dir='ltr'>destinaretur:</span> <span class='ocrx_word' id='word_1_71' title='bbox 483 771 573 797; x_wconf 85' lang='lat' dir='ltr'>nam</span> <span class='ocrx_word' id='word_1_72' title='bbox 596 757 709 797; x_wconf 87' lang='lat' dir='ltr'>Cotta</span> <span class='ocrx_word' id='word_1_73' title='bbox 727 755 982 802; x_wconf 84' lang='lat' dir='ltr'>Antronium,</span> <span class='ocrx_word' id='word_1_74' title='bbox 1006 755 1222 804; x_wconf 87' lang='lat' dir='ltr'>Torquatus</span> <span class='ocrx_word' id='word_1_75' title='bbox 1235 751 1384 793; x_wconf 85' lang='lat' dir='ltr'><strong>Sullam</strong></span> 
     </span>
     <span class='ocr_line' id='line_1_11' title="bbox 96 828 450 869; baseline 0.003 -12"><span class='ocrx_word' id='word_1_76' title='bbox 96 831 183 857; x_wconf 81' lang='lat' dir='ltr'>reos</span> <span class='ocrx_word' id='word_1_77' title='bbox 217 828 450 869; x_wconf 77' lang='lat' dir='ltr'><strong>peregerant.</strong></span> 
     </span>
    </p>

    <p class='ocr_par' dir='ltr' id='par_1_3' title="bbox 94 875 1387 1610">
     <span class='ocr_line' id='line_1_12' title="bbox 159 875 1385 931; baseline -0.009 -9"><span class='ocrx_word' id='word_1_78' title='bbox 159 881 291 921; x_wconf 84' lang='lat' dir='ltr'>XXII.</span> <span class='ocrx_word' id='word_1_79' title='bbox 327 881 378 921; x_wconf 89' lang='lat' dir='ltr'>Hi</span> <span class='ocrx_word' id='word_1_80' title='bbox 407 880 544 931; x_wconf 84' lang='lat' dir='ltr'>igitur,</span> <span class='ocrx_word' id='word_1_81' title='bbox 570 878 720 918; x_wconf 87' lang='lat' dir='ltr'>sociatis</span> <span class='ocrx_word' id='word_1_82' title='bbox 747 890 837 918; x_wconf 89' lang='lat' dir='ltr'>cum</span> <span class='ocrx_word' id='word_1_83' title='bbox 868 876 1033 918; x_wconf 84' lang='lat' dir='ltr'>Catilina</span> <span class='ocrx_word' id='word_1_84' title='bbox 1064 875 1258 924; x_wconf 69' lang='lat' dir='ltr'>consiliis,</span> <span class='ocrx_word' id='word_1_85' title='bbox 1291 887 1385 926; x_wconf 83' lang='lat' dir='ltr'>pau.</span> 
     </span>
     <span class='ocr_line' id='line_1_13' title="bbox 99 935 1386 993; baseline -0.004 -12"><span class='ocrx_word' id='word_1_86' title='bbox 99 954 166 981; x_wconf 85' lang='lat' dir='ltr'>cos</span> <span class='ocrx_word' id='word_1_87' title='bbox 194 952 373 993; x_wconf 81' lang='lat' dir='ltr'>praeterea</span> <span class='ocrx_word' id='word_1_88' title='bbox 403 942 607 991; x_wconf 85' lang='lat' dir='ltr'>participes</span> <span class='ocrx_word' id='word_1_89' title='bbox 633 939 904 979; x_wconf 84' lang='lat' dir='ltr'>adhibuerunt.</span> <span class='ocrx_word' id='word_1_90' title='bbox 935 939 993 978; x_wconf 92' lang='lat' dir='ltr'>De</span> <span class='ocrx_word' id='word_1_91' title='bbox 1021 939 1091 978; x_wconf 90' lang='lat' dir='ltr'>Cn.</span> <span class='ocrx_word' id='word_1_92' title='bbox 1121 935 1277 986; x_wconf 79' lang='lat' dir='ltr'>Pisone,</span> <span class='ocrx_word' id='word_1_93' title='bbox 1306 951 1386 976; x_wconf 91' lang='lat' dir='ltr'>no-</span> 
     </span>
     <span class='ocr_line' id='line_1_14' title="bbox 100 1000 1385 1051; baseline -0.003 -9"><span class='ocrx_word' id='word_1_94' title='bbox 100 1002 170 1042; x_wconf 82' lang='lat' dir='ltr'>bili</span> <span class='ocrx_word' id='word_1_95' title='bbox 209 1005 246 1042; x_wconf 70' lang='lat'>35</span> <span class='ocrx_word' id='word_1_96' title='bbox 282 1003 416 1041; x_wconf 83' lang='lat' dir='ltr'>audaci</span> <span class='ocrx_word' id='word_1_97' title='bbox 449 1004 612 1051; x_wconf 84' lang='lat' dir='ltr'>juvene,</span> <span class='ocrx_word' id='word_1_98' title='bbox 646 1014 727 1040; x_wconf 89' lang='lat' dir='ltr'>non</span> <span class='ocrx_word' id='word_1_99' title='bbox 764 1001 992 1048; x_wconf 89' lang='lat' dir='ltr'>dubitatur,</span> <span class='ocrx_word' id='word_1_100' title='bbox 1030 1012 1201 1049; x_wconf 88' lang='lat' dir='ltr'>quocum</span> <span class='ocrx_word' id='word_1_101' title='bbox 1232 1000 1385 1039; x_wconf 80' lang='lat' dir='ltr'>circiter</span> 
     </span>
     <span class='ocr_line' id='line_1_15' title="bbox 94 1061 1386 1107; baseline -0.002 -6"><span class='ocrx_word' id='word_1_102' title='bbox 94 1063 228 1107; x_wconf 89' lang='lat' dir='ltr'>Nonas</span> <span class='ocrx_word' id='word_1_103' title='bbox 257 1063 490 1102; x_wconf 76' lang='lat' dir='ltr'>Decembres</span> <span class='ocrx_word' id='word_1_104' title='bbox 516 1075 596 1102; x_wconf 85' lang='lat' dir='ltr'>rem</span> <span class='ocrx_word' id='word_1_105' title='bbox 625 1062 788 1103; x_wconf 81' lang='lat' dir='ltr'>Catilina</span> <span class='ocrx_word' id='word_1_106' title='bbox 818 1064 855 1102; x_wconf 84' lang='lat'>&amp;</span> <span class='ocrx_word' id='word_1_107' title='bbox 886 1061 1094 1101; x_wconf 88' lang='lat' dir='ltr'>Antronius</span> <span class='ocrx_word' id='word_1_108' title='bbox 1120 1062 1386 1101; x_wconf 80' lang='lat' dir='ltr'>communica-</span> 
     </span>
     <span class='ocr_line' id='line_1_16' title="bbox 96 1123 1383 1175; baseline -0.001 -11"><span class='ocrx_word' id='word_1_109' title='bbox 96 1135 198 1164; x_wconf 86' lang='lat' dir='ltr'>runt.</span> <span class='ocrx_word' id='word_1_110' title='bbox 237 1125 313 1165; x_wconf 89' lang='lat' dir='ltr'>Sed</span> <span class='ocrx_word' id='word_1_111' title='bbox 343 1125 400 1166; x_wconf 82' lang='lat' dir='ltr'>M.</span> <span class='ocrx_word' id='word_1_112' title='bbox 429 1124 574 1165; x_wconf 73' lang='lat' dir='ltr'>Crassus</span> <span class='ocrx_word' id='word_1_113' title='bbox 603 1124 832 1174; x_wconf 82' lang='lat' dir='ltr'>consularis,</span> <span class='ocrx_word' id='word_1_114' title='bbox 872 1127 908 1166; x_wconf 71' lang='grc' dir='ltr'>ἃ</span> <span class='ocrx_word' id='word_1_115' title='bbox 939 1125 1153 1175; x_wconf 83' lang='lat' dir='ltr'>delignatus</span> <span class='ocrx_word' id='word_1_116' title='bbox 1190 1123 1311 1162; x_wconf 62' lang='lat' dir='ltr'>aedilis</span> <span class='ocrx_word' id='word_1_117' title='bbox 1339 1124 1383 1163; x_wconf 80' lang='lat' dir='ltr'>C.</span> 
     </span>
     <span class='ocr_line' id='line_1_17' title="bbox 98 1186 1386 1238; baseline -0.001 -12"><span class='ocrx_word' id='word_1_118' title='bbox 98 1186 247 1235; x_wconf 58' lang='lat' dir='ltr'>Caesar,</span> <span class='ocrx_word' id='word_1_119' title='bbox 278 1195 466 1226; x_wconf 90' lang='lat' dir='ltr'>venerunt</span> <span class='ocrx_word' id='word_1_120' title='bbox 498 1187 539 1226; x_wconf 89' lang='lat' dir='ltr'>in</span> <span class='ocrx_word' id='word_1_121' title='bbox 576 1186 857 1238; x_wconf 81' lang='lat' dir='ltr'>suspicionem:</span> <span class='ocrx_word' id='word_1_122' title='bbox 888 1187 1044 1235; x_wconf 83' lang='lat' dir='ltr'>multis,</span> <span class='ocrx_word' id='word_1_123' title='bbox 1082 1196 1268 1237; x_wconf 85' lang='lat' dir='ltr'>tanquam</span> <span class='ocrx_word' id='word_1_124' title='bbox 1303 1198 1386 1225; x_wconf 83' lang='lat' dir='ltr'>rem</span> 
     </span>
     <span class='ocr_line' id='line_1_18' title="bbox 97 1247 1383 1298; baseline -0.002 -10"><span class='ocrx_word' id='word_1_125' title='bbox 97 1247 203 1288; x_wconf 87' lang='lat' dir='ltr'>haud</span> <span class='ocrx_word' id='word_1_126' title='bbox 229 1249 411 1298; x_wconf 83' lang='lat' dir='ltr'>dubiam,</span> <span class='ocrx_word' id='word_1_127' title='bbox 441 1262 521 1289; x_wconf 90' lang='lat' dir='ltr'>non</span> <span class='ocrx_word' id='word_1_128' title='bbox 543 1257 696 1288; x_wconf 89' lang='lat' dir='ltr'>tanturn</span> <span class='ocrx_word' id='word_1_129' title='bbox 726 1249 993 1298; x_wconf 85' lang='lat' dir='ltr'>credentibus,</span> <span class='ocrx_word' id='word_1_130' title='bbox 1027 1248 1092 1288; x_wconf 92' lang='lat' dir='ltr'>sed</span> <span class='ocrx_word' id='word_1_131' title='bbox 1117 1249 1231 1287; x_wconf 87' lang='lat' dir='ltr'>etiam</span> <span class='ocrx_word' id='word_1_132' title='bbox 1257 1247 1383 1297; x_wconf 85' lang='lat' dir='ltr'>poste-</span> 
     </span>
     <span class='ocr_line' id='line_1_19' title="bbox 98 1310 1387 1363; baseline -0.004 -13"><span class='ocrx_word' id='word_1_133' title='bbox 98 1323 229 1350; x_wconf 82' lang='lat' dir='ltr'>rorum</span> <span class='ocrx_word' id='word_1_134' title='bbox 253 1310 503 1362; x_wconf 87' lang='lat' dir='ltr'>prodentibus</span> <span class='ocrx_word' id='word_1_135' title='bbox 528 1311 734 1351; x_wconf 88' lang='lat' dir='ltr'>memoriae.</span> <span class='ocrx_word' id='word_1_136' title='bbox 771 1311 801 1352; x_wconf 88' lang='lat' dir='ltr'>Ii</span> <span class='ocrx_word' id='word_1_137' title='bbox 832 1311 1023 1363; x_wconf 80' lang='lat' dir='ltr'>conveniffi·</span> <span class='ocrx_word' id='word_1_138' title='bbox 1050 1311 1208 1358; x_wconf 84' lang='lat' dir='ltr'>dicunt,</span> <span class='ocrx_word' id='word_1_139' title='bbox 1233 1323 1271 1349; x_wconf 82' lang='lat' dir='ltr'>ut</span> <span class='ocrx_word' id='word_1_140' title='bbox 1286 1311 1387 1363; x_wconf 80' lang='lat' dir='ltr'>prin-</span> 
     </span>
     <span class='ocr_line' id='line_1_20' title="bbox 96 1372 1387 1425; baseline -0.002 -13"><span class='ocrx_word' id='word_1_141' title='bbox 96 1372 190 1424; x_wconf 74' lang='lat' dir='ltr'>cipio</span> <span class='ocrx_word' id='word_1_142' title='bbox 223 1373 310 1410; x_wconf 83' lang='lat' dir='ltr'>anni</span> <span class='ocrx_word' id='word_1_143' title='bbox 332 1373 495 1425; x_wconf 83' lang='lat' dir='ltr'>senatum</span> <span class='ocrx_word' id='word_1_144' title='bbox 520 1373 766 1413; x_wconf 72' lang='lat' dir='ltr'>adorirentur:</span> <span class='ocrx_word' id='word_1_145' title='bbox 792 1374 828 1412; x_wconf 66' lang='grc' dir='ltr'>ὃ·</span> <span class='ocrx_word' id='word_1_146' title='bbox 858 1373 1069 1420; x_wconf 81' lang='lat' dir='ltr'>trucidatis,</span> <span class='ocrx_word' id='word_1_147' title='bbox 1101 1387 1187 1424; x_wconf 81' lang='lat' dir='ltr'>quos</span> <span class='ocrx_word' id='word_1_148' title='bbox 1215 1372 1387 1425; x_wconf 78' lang='lat' dir='ltr'>placitum</span> 
     </span>
     <span class='ocr_line' id='line_1_21' title="bbox 96 1432 1385 1486; baseline 0 -16"><span class='ocrx_word' id='word_1_149' title='bbox 96 1433 197 1484; x_wconf 69' lang='lat' dir='ltr'>estin,</span> <span class='ocrx_word' id='word_1_150' title='bbox 232 1432 431 1485; x_wconf 72' lang='lat' dir='ltr'>confizlihus</span> <span class='ocrx_word' id='word_1_151' title='bbox 462 1445 542 1472; x_wconf 84' lang='lat' dir='ltr'>ante</span> <span class='ocrx_word' id='word_1_152' title='bbox 572 1448 689 1473; x_wconf 85' lang='lat' dir='ltr'>omnes</span> <span class='ocrx_word' id='word_1_153' title='bbox 704 1464 718 1481; x_wconf 89' lang='lat'>‚</span> <span class='ocrx_word' id='word_1_154' title='bbox 752 1435 957 1472; x_wconf 61' lang='lat' dir='ltr'>diffaturam</span> <span class='ocrx_word' id='word_1_155' title='bbox 998 1433 1140 1486; x_wconf 73' lang='lat' dir='ltr'>Craffits</span> <span class='ocrx_word' id='word_1_156' title='bbox 1181 1435 1385 1481; x_wconf 80' lang='lat' dir='ltr'>invaderet,</span> 
     </span>
     <span class='ocr_line' id='line_1_22' title="bbox 102 1494 1386 1548; baseline -0.002 -14"><span class='ocrx_word' id='word_1_157' title='bbox 102 1496 217 1547; x_wconf 78' lang='lat' dir='ltr'>Caefizr</span> <span class='ocrx_word' id='word_1_158' title='bbox 236 1495 281 1532; x_wconf 85' lang='lat' dir='ltr'>ab</span> <span class='ocrx_word' id='word_1_159' title='bbox 293 1509 332 1533; x_wconf 85' lang='lat' dir='ltr'>eo</span> <span class='ocrx_word' id='word_1_160' title='bbox 351 1495 506 1548; x_wconf 76' lang='lat' dir='ltr'>magister</span> <span class='ocrx_word' id='word_1_161' title='bbox 519 1495 670 1547; x_wconf 85' lang='lat' dir='ltr'>equitum</span> <span class='ocrx_word' id='word_1_162' title='bbox 690 1497 875 1534; x_wconf 81' lang='lat' dir='ltr'>diceretur.-</span> <span class='ocrx_word' id='word_1_163' title='bbox 888 1495 1136 1547; x_wconf 76' lang='lat' dir='ltr'>constitutaque</span> <span class='ocrx_word' id='word_1_164' title='bbox 1147 1496 1198 1532; x_wconf 83' lang='lat' dir='ltr'>ad</span> <span class='ocrx_word' id='word_1_165' title='bbox 1206 1494 1386 1533; x_wconf 78' lang='lat' dir='ltr'>arbitrium</span> 
     </span>
     <span class='ocr_line' id='line_1_23' title="bbox 96 1556 1178 1610; baseline -0.001 -15"><span class='ocrx_word' id='word_1_166' title='bbox 96 1556 295 1608; x_wconf 80' lang='lat' dir='ltr'>republica,</span> <span class='ocrx_word' id='word_1_167' title='bbox 318 1557 427 1594; x_wconf 82' lang='lat' dir='ltr'><em>Sullae</em></span> <span class='ocrx_word' id='word_1_168' title='bbox 452 1557 487 1595; x_wconf 57' lang='grc' dir='ltr'>δ’</span> <span class='ocrx_word' id='word_1_169' title='bbox 512 1557 691 1595; x_wconf 75' lang='lat' dir='ltr'>Autronio</span> <span class='ocrx_word' id='word_1_170' title='bbox 715 1556 919 1610; x_wconf 83' lang='lat' dir='ltr'>consulatus</span> <span class='ocrx_word' id='word_1_171' title='bbox 943 1556 1178 1609; x_wconf 82' lang='lat' dir='ltr'>restitueretur.</span> 
     </span>
    </p>

    <p class='ocr_par' dir='ltr' id='par_1_4' title="bbox 96 1617 1390 2281">
     <span class='ocr_line' id='line_1_24' title="bbox 154 1617 1387 1668; baseline -0.003 -9"><span class='ocrx_word' id='word_1_172' title='bbox 154 1619 307 1660; x_wconf 89' lang='lat' dir='ltr'>XXIII.</span> <span class='ocrx_word' id='word_1_173' title='bbox 333 1619 409 1659; x_wconf 85' lang='lat' dir='ltr'>Sed</span> <span class='ocrx_word' id='word_1_174' title='bbox 429 1619 625 1659; x_wconf 82' lang='lat' dir='ltr'>emanavit</span> <span class='ocrx_word' id='word_1_175' title='bbox 647 1619 836 1658; x_wconf 86' lang='lat' dir='ltr'>indicium</span> <span class='ocrx_word' id='word_1_176' title='bbox 860 1619 938 1666; x_wconf 81' lang='lat' dir='ltr'>rei,</span> <span class='ocrx_word' id='word_1_177' title='bbox 970 1617 1222 1668; x_wconf 88' lang='lat' dir='ltr'>senatumque</span> <span class='ocrx_word' id='word_1_178' title='bbox 1246 1628 1387 1668; x_wconf 88' lang='lat' dir='ltr'>perpu-</span> 
     </span>
     <span class='ocr_line' id='line_1_25' title="bbox 96 1678 1386 1731; baseline -0.006 -9"><span class='ocrx_word' id='word_1_179' title='bbox 96 1678 168 1728; x_wconf 84' lang='lat' dir='ltr'>lit,</span> <span class='ocrx_word' id='word_1_180' title='bbox 202 1688 246 1720; x_wconf 88' lang='lat' dir='ltr'>ut</span> <span class='ocrx_word' id='word_1_181' title='bbox 276 1679 497 1719; x_wconf 87' lang='lat' dir='ltr'>consulibus</span> <span class='ocrx_word' id='word_1_182' title='bbox 526 1680 791 1731; x_wconf 84' lang='lat' dir='ltr'>magistratum</span> <span class='ocrx_word' id='word_1_183' title='bbox 822 1680 975 1719; x_wconf 87' lang='lat' dir='ltr'>inituris</span> <span class='ocrx_word' id='word_1_184' title='bbox 1008 1679 1224 1730; x_wconf 72' lang='lat' dir='ltr'>praesidium</span> <span class='ocrx_word' id='word_1_185' title='bbox 1256 1678 1386 1716; x_wconf 77' lang='lat' dir='ltr'>decer-</span> 
     </span>
     <span class='ocr_line' id='line_1_26' title="bbox 100 1739 1386 1792; baseline -0.002 -12"><span class='ocrx_word' id='word_1_186' title='bbox 100 1749 248 1781; x_wconf 83' lang='lat' dir='ltr'>nerent.</span> <span class='ocrx_word' id='word_1_187' title='bbox 285 1741 444 1781; x_wconf 61' lang='lat' dir='ltr'>Factum</span> <span class='ocrx_word' id='word_1_188' title='bbox 474 1742 591 1781; x_wconf 90' lang='lat' dir='ltr'>etiam</span> <span class='ocrx_word' id='word_1_189' title='bbox 611 1751 743 1781; x_wconf 86' lang='lat' dir='ltr'>contra</span> <span class='ocrx_word' id='word_1_190' title='bbox 771 1744 991 1792; x_wconf 86' lang='lat' dir='ltr'>conjuratos</span> <span class='ocrx_word' id='word_1_191' title='bbox 1017 1739 1386 1782; x_wconf 85' lang='lat' dir='ltr'>senatusconsultum</span> 
     </span>
     <span class='ocr_line' id='line_1_27' title="bbox 103 1802 1388 1858; baseline -0.002 -15"><span class='ocrx_word' id='word_1_192' title='bbox 103 1813 210 1845; x_wconf 84' lang='lat' dir='ltr'>erat:</span> <span class='ocrx_word' id='word_1_193' title='bbox 230 1804 294 1843; x_wconf 88' lang='lat' dir='ltr'>sed</span> <span class='ocrx_word' id='word_1_194' title='bbox 310 1804 368 1853; x_wconf 87' lang='lat' dir='ltr'>ei,</span> <span class='ocrx_word' id='word_1_195' title='bbox 389 1812 573 1855; x_wconf 83' lang='lat' dir='ltr'>tanquam</span> <span class='ocrx_word' id='word_1_196' title='bbox 587 1820 621 1843; x_wconf 89' lang='lat' dir='ltr'>re</span> <span class='ocrx_word' id='word_1_197' title='bbox 642 1806 796 1843; x_wconf 84' lang='lat' dir='ltr'>nondum</span> <span class='ocrx_word' id='word_1_198' title='bbox 814 1806 912 1858; x_wconf 78' lang='lat' dir='ltr'>satis</span> <span class='ocrx_word' id='word_1_199' title='bbox 934 1806 1089 1858; x_wconf 81' lang='lat' dir='ltr'>cognita,</span> <span class='ocrx_word' id='word_1_200' title='bbox 1112 1803 1284 1843; x_wconf 88' lang='lat' dir='ltr'>tribunus</span> <span class='ocrx_word' id='word_1_201' title='bbox 1304 1802 1388 1851; x_wconf 86' lang='lat' dir='ltr'>qui-</span> 
     </span>
     <span class='ocr_line' id='line_1_28' title="bbox 103 1864 1386 1918; baseline -0.002 -12"><span class='ocrx_word' id='word_1_202' title='bbox 103 1868 194 1906; x_wconf 82' lang='lat' dir='ltr'>dam</span> <span class='ocrx_word' id='word_1_203' title='bbox 214 1866 336 1918; x_wconf 91' lang='lat' dir='ltr'>plebis</span> <span class='ocrx_word' id='word_1_204' title='bbox 359 1867 576 1906; x_wconf 79' lang='lat' dir='ltr'>intercessit.</span> <span class='ocrx_word' id='word_1_205' title='bbox 602 1866 786 1907; x_wconf 84' lang='lat' dir='ltr'>Kalendis</span> <span class='ocrx_word' id='word_1_206' title='bbox 800 1868 1015 1916; x_wconf 85' lang='lat' dir='ltr'>Januariis,</span> <span class='ocrx_word' id='word_1_207' title='bbox 1037 1880 1128 1907; x_wconf 88' lang='lat' dir='ltr'>cum</span> <span class='ocrx_word' id='word_1_208' title='bbox 1152 1867 1193 1908; x_wconf 94' lang='lat' dir='ltr'>L.</span> <span class='ocrx_word' id='word_1_209' title='bbox 1211 1864 1386 1906; x_wconf 85' lang='lat' dir='ltr'>Aurelius</span> 
     </span>
     <span class='ocr_line' id='line_1_29' title="bbox 99 1929 1388 1984; baseline -0.004 -13"><span class='ocrx_word' id='word_1_210' title='bbox 99 1930 159 1971; x_wconf 75' lang='lat' dir='ltr'>M.</span> <span class='ocrx_word' id='word_1_211' title='bbox 185 1930 224 1970; x_wconf 92' lang='lat' dir='ltr'>F.</span> <span class='ocrx_word' id='word_1_212' title='bbox 255 1931 392 1980; x_wconf 89' lang='lat' dir='ltr'>Cotta,</span> <span class='ocrx_word' id='word_1_213' title='bbox 417 1931 458 1971; x_wconf 92' lang='lat' dir='ltr'>L.</span> <span class='ocrx_word' id='word_1_214' title='bbox 485 1929 680 1977; x_wconf 84' lang='lat' dir='ltr'>Manlius,</span> <span class='ocrx_word' id='word_1_215' title='bbox 710 1930 752 1971; x_wconf 92' lang='lat' dir='ltr'>L.</span> <span class='ocrx_word' id='word_1_216' title='bbox 774 1930 815 1971; x_wconf 88' lang='lat' dir='ltr'>F.</span> <span class='ocrx_word' id='word_1_217' title='bbox 827 1931 1056 1984; x_wconf 87' lang='lat' dir='ltr'>Torquatus</span> <span class='ocrx_word' id='word_1_218' title='bbox 1083 1932 1126 1970; x_wconf 89' lang='lat' dir='ltr'>in</span> <span class='ocrx_word' id='word_1_219' title='bbox 1150 1929 1388 1980; x_wconf 81' lang='lat' dir='ltr'>Capitolium</span> 
     </span>
     <span class='ocr_line' id='line_1_30' title="bbox 100 1984 1389 2045; baseline -0.005 -13"><span class='ocrx_word' id='word_1_220' title='bbox 100 1992 376 2041; x_wconf 76' lang='lat' dir='ltr'>ascendissent,</span> <span class='ocrx_word' id='word_1_221' title='bbox 401 1992 511 2045; x_wconf 90' lang='lat' dir='ltr'>(quo</span> <span class='ocrx_word' id='word_1_222' title='bbox 535 1991 597 2031; x_wconf 87' lang='lat' dir='ltr'>die</span> <span class='ocrx_word' id='word_1_223' title='bbox 625 1990 790 2041; x_wconf 89' lang='lat' dir='ltr'>locoque</span> <span class='ocrx_word' id='word_1_224' title='bbox 815 1991 999 2042; x_wconf 85' lang='lat' dir='ltr'>patraturi</span> <span class='ocrx_word' id='word_1_225' title='bbox 1028 1984 1174 2031; x_wconf 82' lang='lat' dir='ltr'>caedem</span> <span class='ocrx_word' id='word_1_226' title='bbox 1197 1988 1389 2038; x_wconf 69' lang='lat' dir='ltr'>coniurati</span> 
     </span>
     <span class='ocr_line' id='line_1_31' title="bbox 99 2052 1390 2104; baseline -0.002 -11"><span class='ocrx_word' id='word_1_227' title='bbox 99 2054 285 2103; x_wconf 86' lang='lat' dir='ltr'>fuerant)</span> <span class='ocrx_word' id='word_1_228' title='bbox 320 2054 567 2104; x_wconf 44' lang='lat' dir='ltr'>conspectum</span> <span class='ocrx_word' id='word_1_229' title='bbox 596 2054 807 2104; x_wconf 72' lang='lat' dir='ltr'>praesidium</span> <span class='ocrx_word' id='word_1_230' title='bbox 836 2054 1039 2094; x_wconf 85' lang='lat' dir='ltr'>audaciam</span> <span class='ocrx_word' id='word_1_231' title='bbox 1070 2053 1219 2093; x_wconf 87' lang='lat' dir='ltr'>emovit</span> <span class='ocrx_word' id='word_1_232' title='bbox 1251 2052 1390 2091; x_wconf 87' lang='lat' dir='ltr'>menti-</span> 
     </span>
     <span class='ocr_line' id='line_1_32' title="bbox 102 2114 1386 2168; baseline -0.003 -11"><span class='ocrx_word' id='word_1_233' title='bbox 102 2117 200 2167; x_wconf 88' lang='lat' dir='ltr'>bus,</span> <span class='ocrx_word' id='word_1_234' title='bbox 224 2117 443 2168; x_wconf 80' lang='lat' dir='ltr'>Crassusque</span> <span class='ocrx_word' id='word_1_235' title='bbox 465 2117 693 2168; x_wconf 87' lang='lat' dir='ltr'>poenitentia</span> <span class='ocrx_word' id='word_1_236' title='bbox 708 2147 721 2165; x_wconf 93' lang='lat'>‚</span> <span class='ocrx_word' id='word_1_237' title='bbox 747 2130 797 2156; x_wconf 87' lang='lat' dir='ltr'>an</span> <span class='ocrx_word' id='word_1_238' title='bbox 818 2126 946 2167; x_wconf 87' lang='lat' dir='ltr'>metu,</span> <span class='ocrx_word' id='word_1_239' title='bbox 972 2118 1186 2164; x_wconf 84' lang='lat' dir='ltr'>incertum,</span> <span class='ocrx_word' id='word_1_240' title='bbox 1212 2114 1386 2154; x_wconf 86' lang='lat' dir='ltr'>destituit</span> 
     </span>
     <span class='ocr_line' id='line_1_33' title="bbox 99 2177 1385 2231; baseline -0.002 -14"><span class='ocrx_word' id='word_1_241' title='bbox 99 2178 250 2219; x_wconf 74' lang='lat' dir='ltr'>socios:</span> <span class='ocrx_word' id='word_1_242' title='bbox 278 2192 403 2230; x_wconf 87' lang='lat' dir='ltr'>eoque</span> <span class='ocrx_word' id='word_1_243' title='bbox 426 2193 474 2219; x_wconf 92' lang='lat' dir='ltr'>ne</span> <span class='ocrx_word' id='word_1_244' title='bbox 499 2179 621 2220; x_wconf 86' lang='lat' dir='ltr'>Caesar</span> <span class='ocrx_word' id='word_1_245' title='bbox 645 2179 801 2231; x_wconf 88' lang='lat' dir='ltr'>quidem</span> <span class='ocrx_word' id='word_1_246' title='bbox 830 2180 1003 2230; x_wconf 78' lang='lat' dir='ltr'>signum,</span> <span class='ocrx_word' id='word_1_247' title='bbox 1026 2179 1132 2231; x_wconf 86' lang='lat' dir='ltr'>quod</span> <span class='ocrx_word' id='word_1_248' title='bbox 1161 2178 1210 2218; x_wconf 87' lang='lat' dir='ltr'>ab</span> <span class='ocrx_word' id='word_1_249' title='bbox 1232 2191 1279 2217; x_wconf 86' lang='lat' dir='ltr'>eo</span> <span class='ocrx_word' id='word_1_250' title='bbox 1301 2177 1385 2216; x_wconf 76' lang='lat' dir='ltr'>dari</span> 
     </span>
     <span class='ocr_line' id='line_1_34' title="bbox 102 2241 507 2289; baseline 0.003 -10"><span class='ocrx_word' id='word_1_251' title='bbox 102 2249 360 2289; x_wconf 87' lang='lat' dir='ltr'>convenerat,</span> <span class='ocrx_word' id='word_1_252' title='bbox 389 2241 507 2281; x_wconf 88' lang='lat' dir='ltr'>dedit</span> 
     </span>
    </p>
   </div>
   <div class='ocr_carea' id='block_1_3' title="bbox 101 2366 1379 2494">
    <p class='ocr_par' dir='ltr' id='par_1_5' title="bbox 101 2366 1379 2494">
     <span class='ocr_line' id='line_1_35' title="bbox 147 2366 1379 2411; baseline -0.004 -8"><span class='ocrx_word' id='word_1_253' title='bbox 147 2367 170 2411; x_wconf 78' lang='lat'>§</span> <span class='ocrx_word' id='word_1_254' title='bbox 196 2368 1137 2410; x_wconf 75' lang='lat' dir='ltr'>XX1.sa11ust.Catilin.c.18.Ascon.Diod0r.§</span> <span class='ocrx_word' id='word_1_255' title='bbox 1168 2367 1278 2400; x_wconf 81' lang='lat' dir='ltr'>XXII</span> <span class='ocrx_word' id='word_1_256' title='bbox 1304 2366 1379 2398; x_wconf 79' lang='lat' dir='ltr'>Cic</span> 
     </span>
     <span class='ocr_line' id='line_1_36' title="bbox 101 2411 1372 2458; baseline 0 -15"><span class='ocrx_word' id='word_1_257' title='bbox 101 2413 145 2444; x_wconf 82' lang='lat' dir='ltr'>de</span> <span class='ocrx_word' id='word_1_258' title='bbox 161 2411 218 2443; x_wconf 82' lang='lat' dir='ltr'>fin</span> <span class='ocrx_word' id='word_1_259' title='bbox 237 2424 269 2454; x_wconf 88' lang='lat'>2,</span> <span class='ocrx_word' id='word_1_260' title='bbox 289 2425 326 2455; x_wconf 82' lang='lat'>¹9</span> <span class='ocrx_word' id='word_1_261' title='bbox 332 2415 450 2448; x_wconf 88' lang='lat' dir='ltr'>.Idem</span> <span class='ocrx_word' id='word_1_262' title='bbox 463 2427 525 2458; x_wconf 86' lang='lat' dir='ltr'>pro</span> <span class='ocrx_word' id='word_1_263' title='bbox 544 2416 648 2450; x_wconf 83' lang='lat' dir='ltr'>Corn.</span> <span class='ocrx_word' id='word_1_264' title='bbox 663 2416 805 2450; x_wconf 85' lang='lat' dir='ltr'>Sueton.</span> <span class='ocrx_word' id='word_1_265' title='bbox 819 2416 854 2448; x_wconf 85' lang='lat' dir='ltr'>in</span> <span class='ocrx_word' id='word_1_266' title='bbox 870 2413 955 2449; x_wconf 80' lang='lat' dir='ltr'>Caes.</span> <span class='ocrx_word' id='word_1_267' title='bbox 967 2426 996 2448; x_wconf 84' lang='lat' dir='ltr'>c.</span> <span class='ocrx_word' id='word_1_268' title='bbox 1013 2424 1046 2456; x_wconf 85' lang='grc'>9</span> <span class='ocrx_word' id='word_1_269' title='bbox 1061 2412 1190 2446; x_wconf 77' lang='lat' dir='ltr'>Sallust.</span> <span class='ocrx_word' id='word_1_270' title='bbox 1209 2412 1231 2456; x_wconf 58' lang='grc' dir='ltr'>ᾖ</span> <span class='ocrx_word' id='word_1_271' title='bbox 1248 2411 1372 2445; x_wconf 48' lang='lat' dir='ltr'>xxiii,</span> 
     </span>
     <span class='ocr_line' id='line_1_37' title="bbox 103 2455 564 2494; baseline 0.004 -3"><span class='ocrx_word' id='word_1_272' title='bbox 103 2455 247 2493; x_wconf 22' lang='lat' dir='ltr'>Dssodor</span> <span class='ocrx_word' id='word_1_273' title='bbox 269 2457 399 2493; x_wconf 78' lang='lat' dir='ltr'>Sallust.</span> <span class='ocrx_word' id='word_1_274' title='bbox 423 2460 564 2494; x_wconf 75' lang='lat' dir='ltr'>Sueten</span> 
     </span>
    </p>
   </div>
  </div>
 </body>
</html>
