1675 2959
259 28 355 113 *298
428 51 1481 115 JO.FRE1NSHEM118UPPLEM;

258 166 343 194 rere
358 169 426 207 pro
443 159 662 200 consulibus
681 161 836 202 licebat.
873 165 920 204 At
932 164 1159 216 pompejus,
1179 180 1267 208 cum
1287 170 1434 221 semper
1452 172 1543 212 fuis.

258 213 318 253 set
338 216 378 255 in
402 219 589 267 ejusmodi
612 221 723 260 rebus
746 232 941 263 accuratus
962 227 998 265 δε
1019 226 1205 278 diligens,
1227 232 1404 280 cupidius
1423 229 1543 282 quani

256 277 486 326 prudentius
516 281 690 321 oblatum
714 283 862 332 accepit
888 285 1118 335 imperium,
1147 301 1269 339 neque
1291 304 1312 330 a
1336 292 1473 341 quibus
1497 293 1541 332 fi-

254 334 320 384 bi,
348 352 472 392 neque
497 343 694 391 quomodo
713 345 982 393 mandaretur,
1010 348 1273 391 considerans:
1305 353 1343 391 in
1370 354 1538 403 speciem

253 406 387 441 tamen
412 404 626 452 modestiae,
644 404 708 444 hic
731 420 886 456 quoque
910 407 1007 447 illud
1033 409 1166 460 suum,
1190 414 1275 465 Nifi
1289 416 1377 466 quid
1394 418 1514 455 melius
1523 446 1539 464 ,

253 460 429 511 subjecit.
472 465 560 504 Hoc
588 469 702 516 pac‘to
734 467 863 517 palam
893 468 1078 520 susceptis
1113 485 1202 511 curn
1227 475 1368 515 Caesare
1401 477 1538 517 inimi-

255 524 377 571 citiis,
396 538 484 565 cum
507 527 656 578 segnius
681 538 834 579 cetera,
853 544 967 581 quam
987 546 1058 583 pro
1085 535 1352 584 magnitudine
1376 539 1451 585 rei,
1470 540 1536 578 ad-

251 585 507 636 ministraret,
532 588 629 628 nihil
656 591 820 640 profecit
845 592 944 632 ultra
960 624 973 642 ‚
996 607 1111 643 quam
1140 605 1181 633 ut
1210 595 1343 635 Caesari
1371 600 1538 638 retinen.

253 648 389 688 darum
428 650 624 702 legionum
659 653 916 695 honestiorem
946 666 1173 708 praetextum
1205 660 1451 710 conciliaret3
1487 664 1538 701 fi-

251 708 409 758 mulque
433 711 578 753 laxaret
605 714 759 755 vincula
784 716 861 766 spei
896 719 931 756 &
962 718 1147 768 pudori5‚
1177 721 1315 769 quibus
1350 721 1538 762 hactenus

251 779 402 810 retenta
424 775 618 824 cupiditas
643 778 755 827 ejus,
777 778 969 829 ambiguis
985 780 1082 819 inter
1103 793 1241 831 pacem
1259 784 1294 822 ὅτ.
1319 796 1422 822 arma
1444 796 1536 824 con-

251 832 343 873 filiis
364 835 625 878 fluctuaverat.
1272 846 1276 847 ⁷
1453 874 1458 879 -

303 895 470 939 XXVII.
485 898 561 938 Sed
585 899 703 938 Curio
715 929 726 946 ‚
744 901 934 950 cognitis,
950 915 1034 951 quae
1055 902 1173 941 effent
1191 906 1275 942 acta
1289 934 1300 952 ‚
1324 916 1414 944 cum
1429 904 1536 944 aliud.

249 969 320 1007 pro
342 958 485 1002 Caesare
506 961 604 1000 nihil
629 962 776 1012 posset,
809 964 1004 1003 continuis
1039 965 1291 1005 concionibus
1327 968 1428 1017 apud
1458 981 1536 1017 po-

247 1019 387 1070 pulum
417 1035 566 1077 tempora
596 1026 789 1078 reipublicae
815 1026 1004 1075 deflebat,
1032 1027 1259 1077 PompeJ'um
1292 1030 1328 1068 ἃ
1359 1029 1536 1068 consules

246 1083 456 1129 accusans:
485 1087 722 1138 jubebatque
751 1088 823 1127 hos
847 1090 998 1137 edicere,
1021 1105 1063 1127 ne
1086 1092 1164 1141 quis
1186 1105 1307 1133 nomen
1330 1093 1425 1130 daret
1451 1107 1533 1130 con-

237 1143 406 1196 scribenti
424 1148 552 1187 milites
571 1150 749 1201 PompejO.
777 1149 895 1199 Quod
918 1150 984 1190 ubi
1008 1150 1140 1190 frustra
1167 1161 1356 1191 tentatum
1379 1153 1450 1201 est,
1475 1162 1530 1192 at-

245 1219 323 1256 que
351 1209 494 1249 interea
513 1211 725 1251 tribunatus
754 1221 908 1263 tempus
933 1214 1074 1262 exivit3
1104 1214 1170 1254 fibi
1197 1229 1347 1265 quoque
1371 1217 1532 1266 timens,

246 1270 299 1311 ad
326 1270 510 1311 Caesarem
533 1275 722 1322 excurrit,
753 1277 819 1325 qui
846 1284 927 1315 tum
956 1288 1088 1316 recens
1120 1289 1210 1316 curn
1241 1279 1417 1328 peditum
1447 1280 1534 1319 mil-

245 1329 349 1371 libus
380 1336 550 1385 quinque
581 1338 617 1376 ἃ
642 1338 834 1388 equitibus
863 1338 1041 1378 trecentis
1074 1341 1215 1393 (tertia
1247 1342 1396 1380 decima
1427 1341 1531 1393 legio

246 1394 357 1447 erat)
384 1395 610 1437 Ravennam
634 1409 885 1448 pervenerat·,
904 1412 986 1450 quae
1018 1410 1191 1440 extrema
1217 1402 1420 1452 provinciae
1448 1406 1531 1453 ejus

246 1455 361 1504 urbs,
391 1459 604 1510 eademque
634 1461 752 1501 Italiae
787 1462 960 1512 proxima
982 1471 1074 1503 erat.
1103 1464 1163 1503 Ne
1191 1472 1321 1502 tamen
1352 1465 1532 1505 inimicos

243 1513 452 1568 Pompejus
475 1520 515 1559 in
538 1521 632 1561 urbe
661 1523 915 1571 desideraret,
940 1524 996 1564 M.
1015 1525 1224 1572 Antonius,
1248 1525 1342 1564 inito
1364 1527 1532 1566 tribuna-

245 1585 290 1617 tu
316 1579 459 1630 plebis,
494 1585 732 1634 rogationem
764 1585 1048 1636 promulgavit,
1074 1599 1112 1625 ut
1131 1587 1281 1639 legiones
1305 1589 1406 1634 duae,
1433 1589 1529 1627 Par-

245 1642 333 1680 thici
361 1643 443 1681 belli
469 1648 576 1700 causa
606 1648 644 1685 in
672 1647 815 1686 Italiam
850 1650 1025 1697 ᾱεάιιᾶαι,
1059 1650 1110 1687 ad
1130 1651 1188 1689 M.
1218 1651 1386 1688 Bibulum
1416 1651 1530 1689 mitte-

243 1716 387 1753 rentur‚·
421 1707 588 1761 Pompejo
617 1710 788 1760 scribendi
825 1711 947 1749 militis
972 1710 1037 1764 jus
1058 1727 1100 1750 ne
1125 1711 1229 1764 fft;
1253 1727 1338 1750 neve
1361 1713 1442 1764 quis
1472 1715 1532 1751 de-

248 1764 365 1803 leblum
392 1767 540 1807 habendi
571 1770 766 1822 respondere
789 1774 840 1810 ad
863 1787 984 1812 nomen
1009 1786 1189 1825 cogeretur.

300 1827 487 1868 XXVIII.
515 1829 620 1879 Quin
647 1833 683 1870 δε
705 1834 745 1871 in
773 1834 960 1872 concione
984 1833 1121 1884 populi
1147 1847 1179 1872 a.
1204 1833 1242 1873 d.
1264 1834 1304 1874 X
1326 1833 1408 1874 Kal.
1436 1833 1525 1881 Jan.

244 1888 380 1929 habita
410 1892 447 1929 in
476 1892 702 1944 Pompejum
727 1896 924 1942 imerius,
949 1898 1078 1935 omnia
1102 1898 1184 1945 ejus
1206 1898 1287 1936 ac'ta
1308 1899 1387 1945 jam
1411 1897 1528 1946 usquc

243 1964 267 1990 a
294 1959 382 2002 toga
411 1967 502 2002 pura
519 1956 814 2006 petulantissime
834 1959 1014 1998 traduxit.
1044 1959 1192 1999 Interea
1224 1959 1344 1999 Caesar
1365 1961 1533 1998 comitet·

243 2025 452 2065 exceptum
470 2017 677 2058 Curionem
705 2021 744 2059 in
765 2020 964 2061 confilium
986 2020 1169 2060 adhibuit
1194 2022 1242 2060 de
1266 2021 1525 2071 praesentibus.

242 2076 382 2127 Neque
413 2079 614 2121 dubitabat
640 2081 705 2121 ille
720 2114 731 2131 ,
756 2085 839 2134 quin
867 2084 1082 2136 arcqffbndus
1099 2099 1240 2137 propcre
1262 2085 1455 2131 exercitus,
1490 2086 1533 2123 &-

243 2141 491 2190 experiundum
516 2144 621 2180 armis
645 2144 732 2195 effer.
761 2147 808 2183 At
833 2144 974 2192 Caesar,
995 2144 1160 2195 speciem
1185 2145 1388 2194 praeferens
1411 2145 1530 2194 aequi-

242 2201 332 2240 tatis
360 2203 397 2241 <Sc
434 2202 647 2243 clementiae
663 2235 673 2252 ‚
711 2217 799 2243 cum
837 2206 990 2245 interim
1031 2205 1152 2245 nihilo
1190 2205 1337 2256 segnius
1377 2214 1528 2255 pararet

289 2323 312 2365 §
335 2323 459 2359 XXVI.
487 2325 629 2357 Sin-ton.
647 2325 679 2355 'm
708 2323 789 2355 (des.
815 2335 843 2355 c.
866 2334 919 2363 29.
938 2323 1025 2355 Plur.
1044 2324 1077 2366 in
1101 2322 1186 2358 Caes.
1207 2334 1236 2356 c.
1259 2332 1313 2361 45.
1339 2320 1528 2372 §KKVIL

245 2366 390 2412 Appian.
406 2368 499 2401 civil.
517 2371 540 2402 l.
563 2380 593 2401 2.
619 2368 708 2403 Plut.
731 2370 765 2401 in
789 2368 903 2412 Pomp.
930 2380 957 2400 c.
988 2368 1042 2411 93.
1062 2368 1149 2400 Hirr.
1175 2367 1214 2399 dc
1242 2368 1275 2400 B.
1301 2366 1342 2400 G.
1362 2368 1510 2402 steron.
