1675 2959
288 155 570 203 INLOC.
618 153 755 200 LIB.
801 156 910 202 CIX
944 157 1086 205 LIV.
1258 176 1356 228 317*

74 261 242 313 praesidio
264 276 448 308 vacuam,
466 258 734 301 Themistoclis
758 261 844 302 usus
868 262 1046 313 confilio,
1068 276 1156 303 cum
1183 271 1362 317 tempora

73 323 257 364 Periclem
280 325 400 373 magis
432 322 646 373 poscerent.

125 386 284 426 LXXV.
310 386 425 425 Nunc
448 384 562 423 etiam
575 383 748 433 Italiam,
771 383 901 423 sedem
926 384 1097 436 imperii,
1113 385 1229 426 robur
1250 388 1358 428 &se-

66 447 276 486 minarium
302 447 487 487 Romanae
510 445 675 493 militiae,
695 446 916 495 deserebat3
940 459 989 485 ex
1003 448 1140 486 eodem
1163 458 1279 499 portu
1301 449 1358 490 le-

69 508 203 558 giones
225 510 386 559 &opes‚
402 521 494 558 quas
519 515 686 559 poterat,
703 510 887 556 avehens,
914 517 1047 548 contra
1074 510 1174 549 cives
1198 510 1356 563 usurus,

66 569 108 607 in
131 582 243 619 quem
271 570 363 608 olim
391 571 586 620 captivum
613 581 747 607 aurum
775 571 810 608 ὃ(
839 569 1006 608 Orientis
1036 568 1156 621 spolia
1179 570 1355 623 locuple-

64 631 194 670 tandae
220 632 348 682 patriae
371 632 585 677 invexerat,
613 629 769 669 dimiffis
797 630 935 669 eodem
962 630 1050 670 loco
1074 632 1282 682 militibus,
1309 642 1354 673 ut

66 693 201 732 timere
234 693 334 732 cives
364 692 418 732 sui
455 691 675 731 defluerent.
702 691 749 731 Et
777 693 841 741 qui
873 700 984 730 antea
1006 691 1254 734 barbarorum
1278 696 1357 735 im-¹

66 756 215 795 mensas
241 757 414 806 regiones
441 755 587 807 populo
614 756 791 796 Romano
816 754 1053 805 subjecerat,
1081 757 1112 796 is
1138 769 1242 796 nunc
1267 759 1354 799 ibat

66 817 222 857 illorum
251 819 379 869 copias
405 818 597 866 excitum,
617 825 660 858 ut
681 816 829 857 Italiam
857 819 892 856 ἃ
913 817 1081 856 Romam
1104 819 1262 858 vastaret
1288 829 1352 865 atq·

64 892 141 930 que
162 888 378 930 premeret3
404 883 481 930 jam
505 880 597 920 olim
622 879 698 919 hoc
722 879 878 919 confilio
905 879 1077 929 dimissis‚
1109 881 1173 931 qui
1195 881 1352 923 claffenz

63 941 315 990 Alexandria,
345 940 529 991 Colchis,
565 942 692 992 Tyro,
720 941 891 990 Sidone,
926 942 1134 992 ceterisque
1168 944 1351 984 omnibus

62 1004 221 1054 insulis,
255 1006 531 1056 maritimisque
559 1005 775 1046 civitatibus
811 1013 878 1044 aut
913 1006 1064 1056 regnis,
1088 1019 1252 1057 quorum
1281 1008 1350 1048 ille

60 1067 184 1108 studia
211 1067 406 1116 habebat,
431 1070 480 1108 ad
515 1067 832 1107 intercludendos
873 1077 1110 1106 commeatus
1141 1067 1284 1118 Italiae,
1312 1071 1354 1110 δε

62 1132 113 1170 ad
129 1132 371 1181 occupandas
386 1131 652 1170 frumentarias
666 1130 877 1181 provincias
890 1138 1081 1180 cogerent.
1103 1130 1202 1181 Ergo
1218 1132 1348 1182 etiam,

60 1193 278 1244 priusquam
315 1194 521 1234 excederet
551 1193 777 1241 Brundifio,
819 1205 956 1242 magna
986 1205 1072 1243 pars
1114 1194 1349 1243 optimatum

59 1258 103 1296 in
130 1256 263 1296 urbem
298 1258 458 1296 redierat
471 1249 489 1304 ‚'
516 1255 765 1306 praetoresque
795 1257 831 1295 &
867 1254 998 1294 aediles
1036 1256 1206 1305 partibus
1242 1256 1347 1308 suis,

60 1326 240 1370 tanquam
254 1319 292 1358 in
309 1319 707 1370 pace‚fungebantur.
733 1319 816 1358 Nec
836 1317 875 1356 hi
898 1326 1049 1357 tantum
1072 1317 1223 1358 dolores
1235 1319 1349 1360 Pom,

56 1384 190 1432 pejum
216 1382 396 1430 urebant,
421 1381 487 1420 sed
514 1381 631 1420 futuri
657 1389 781 1420 metus
813 1382 848 1421 δε
871 1379 1206 1431 sollicitudo'plus
1233 1395 1351 1433 ange-

55 1444 152 1486 bant
174 1443 397 1491 hominem,
425 1444 610 1494 prodigiis
645 1445 763 1483 etiam
787 1443 958 1482 terrificis
981 1445 1016 1483 δε
1043 1443 1267 1484 minacibus.
1292 1446 1346 1485 Ut:

58 1506 160 1545 enim
189 1507 354 1557 primum
380 1505 659 1557 Dyrrhachium
693 1506 863 1557 appulit,
894 1505 1109 1556 priusquam
1140 1506 1228 1546 litus
1260 1514 1344 1546 tan-

58 1576 232 1619 geretur,
261 1568 398 1606 milites
425 1567 581 1618 quidam
615 1567 778 1606 fulmine
805 1566 988 1618 percuffi;
1016 1567 1115 1618 signa
1153 1568 1238 1608 telis
1263 1582 1342 1608 ara-

56 1642 217 1669 nearum
232 1630 424 1669 sordidata
444 1629 553 1670 sunt:
575 1631 612 1669 δε
633 1643 723 1669 cum
736 1630 940 1680 Pompejus
962 1628 1235 1680 exscendiffet,
1249 1643 1340 1670 eun-

55 1695 106 1734 tis
128 1692 279 1743 vestigia
306 1691 496 1743 serpentes
516 1690 688 1731 advoluti
719 1689 904 1731 delerunt.

105 1800 128 1845 §
153 1801 305 1835 LXXIV.
323 1801 413 1835 Plut.
435 1801 516 1835 Dio.
538 1800 611 1835 Cic.
634 1800 675 1833 ad
700 1799 806 1834 Attic.
827 1798 868 1843 8,
893 1809 928 1842 7.
950 1799 973 1847 5
995 1799 1134 1839 LXXV.
1155 1800 1238 1838 Dio.
1263 1800 1342 1838 Clas

56 1853 100 1888 ad
117 1854 224 1890 Attic.
244 1864 287 1899 9,
313 1865 348 1890 11
378 1853 412 1887 &
438 1865 491 1895 ¹4·

448 2025 932 2051 -—-·s——--—-·‚
