1675 2959
391 151 470 200 IN
511 151 678 200 LOC.
724 148 862 197 LIB.
904 149 986 197 CII
1020 152 1165 200 LIV.
1385 172 1449 218 77

160 259 367 312 terrogavit
391 261 430 300 in
458 259 561 300 curia
580 257 736 307 consul,
756 258 844 311 quid
863 259 904 296 de
927 258 994 297 illa
1013 261 1121 314 causa
1148 260 1305 301 diceret?
1333 270 1449 313 atque

161 325 229 364 ille
257 333 386 375 aperte
414 319 634 373 respondit:
663 335 738 360 cum
759 322 827 359 duo
845 323 920 374 fint
940 323 1137 375 reipublicae
1159 338 1323 376 corpora,
1339 328 1450 366 debile

161 392 306 439 alterum
317 421 330 438 ,
343 390 479 440 infirmo
497 388 611 440 capite
623 416 634 435 .,
656 388 797 425 alterum
803 387 882 438 fine
905 387 1019 440 capite
1036 388 1267 440 praevalidum
1282 419 1295 437 ‚
1310 392 1392 429 huic
1408 391 1451 444 ft

156 452 242 492 vivo
271 462 375 504 caput
400 463 470 487 non
495 449 557 501 effe
583 447 792 501 defizturum.
830 447 935 487 Tum
962 460 1052 498 ergo
1086 450 1268 487 tumultum
1299 452 1360 503 effi
1384 453 1451 491 de.

162 521 310 552 cretum
330 511 382 551 est
405 511 452 550 ab
480 510 614 550 senatu
629 540 642 557 ‚
665 511 700 549 ἀ
719 510 757 548 in
775 512 929 548 auffores
955 511 1132 563 inquisitio
1153 511 1259 560 Juffa.
1285 514 1454 565 Consul,

159 586 205 616 ut
227 584 372 615 metum
398 577 433 615 &
465 572 680 625 periculum
706 573 809 612 cives
841 572 1013 611 animum
1046 574 1308 627 avderterent,
1335 578 1455 618 diffu-

158 643 200 676 ta
235 637 282 675 de
309 635 492 675 industria
521 633 678 681 tunica,
710 632 837 672 loricae
869 632 1035 672 ostendit
1054 636 1294 685 particulam.
1330 639 1454 690 Igitur

156 691 208 737 ad
239 698 452 748 praesidium
483 698 565 746 ejus
599 693 728 735 valida
762 694 800 733 se
833 704 1063 745 aggregante
1100 710 1242 748 manu,
1290 701 1450 742 comitia

156 759 236 800 fine
259 757 428 798 tumultu
460 758 636 807 peraeta,
664 755 712 794 D.
740 753 888 795 Silanus
919 757 955 795 Sc
986 756 1025 796 L.
1053 756 1226 799 Muraena
1251 762 1452 813 designati.

160 821 240 862 Sub
280 819 358 859 hoc
399 819 557 858 demum
585 827 735 867 tempus
767 816 931 855 dilatum
967 818 1214 860 inimicorum
1253 821 1448 865 calumnia

157 881 401 933 triumphum
433 877 476 920 L.
508 878 689 920 Lucullus
723 879 772 918 de
805 878 1035 918 Mithridate
1067 882 1104 920 &
1137 882 1307 933 Tigrane
1342 888 1451 938 regi..

159 946 233 987 bus
262 946 396 985 duxit:
423 957 506 994 quae
538 942 617 993 ipsa
643 954 701 980 res
725 940 886 992 gloriam
916 944 1000 992 ejus
1030 943 1272 987 miseratione
1302 949 1451 1000 injuriae

158 1007 337 1058 augebat

214 1066 374 1107 LXXV.
413 1066 557 1116 Pompa
585 1064 641 1104 uti
666 1063 824 1103 minime
849 1064 1023 1116 prolixa,
1060 1065 1111 1105 ita
1146 1067 1297 1109 deletio
1330 1082 1452 1123 appa-³

161 1136 246 1167 ratu
274 1126 492 1179 spectabilis
522 1127 610 1166 fuit.
640 1127 762 1166 Armis
789 1126 1048 1178 machinisque
1071 1127 1271 1171 hostilibus
1301 1134 1449 1175 circum

159 1190 396 1231 Flaminium
425 1196 687 1229 exornaverat.
718 1189 756 1227 in
781 1188 978 1240 triumpho
1010 1203 1154 1241 paucos
1181 1195 1450 1246 cataphrastos

160 1256 294 1304 duxit,
310 1255 446 1294 decem
467 1258 597 1292 currus
617 1251 799 1300 falcatos,
821 1253 968 1292 amicos
987 1253 1180 1306 ducesque
1196 1258 1319 1309 regios
1342 1259 1449 1300 sexa..

160 1320 281 1370 ginta.
330 1318 456 1358 Naves
494 1327 648 1366 quoque
678 1314 842 1353 rostratae
882 1323 1038 1354 eentum
1072 1317 1206 1357 decem
1245 1321 1447 1363 translatae.

160 1382 343 1423 Praeterea
367 1377 606 1420 Mithridatis
630 1377 774 1428 effigies
795 1390 841 1416 ex
859 1391 949 1418 auro
970 1378 1102 1418 senum
1132 1382 1302 1432 pedum³
1333 1387 1369 1424 Sc
1392 1386 1450 1424 di-

110 1461 113 1465 >
159 1445 318 1484 stinEtus
356 1443 518 1494 gemmis
553 1441 724 1492 clypeus.
762 1440 918 1481 Fercula
945 1442 1081 1492 viginti
1113 1443 1289 1485 vasorum
1314 1459 1450 1498 argen-

158 1516 311 1547 teorum
327 1521 336 1547 :
354 1508 433 1545 duo
458 1507 494 1545 ἃ
516 1505 674 1555 triginta
690 1503 944 1556 poculorum,
960 1516 1226 1554 armorumve,
1251 1516 1316 1547 aut
1337 1522 1452 1549 num·

160 1583 318 1610 morum
341 1582 389 1608 ex
416 1581 521 1608 auro.
558 1567 695 1607 Lectos
719 1569 836 1607 etiam
863 1578 997 1606 aureos
1020 1569 1108 1606 oc'to
1133 1568 1226 1606 muli
1254 1569 1452 1609 transtule..

158 1642 272 1679 1unt‚
306 1633 342 1671 δι
368 1630 431 1670 alii
457 1629 519 1669 sex
546 1631 581 1669 Sc
606 1630 885 1680 quinquaginta
920 1636 1122 1678 argentum
1148 1630 1357 1678 infestum,
1385 1631 1450 1670 alii

161 1702 320 1733 centum
351 1695 387 1733 ὃς
413 1692 560 1743 septem
586 1692 719 1743 signati
750 1691 867 1743 paulo
897 1692 1024 1730 minus
1051 1692 1168 1732 vicies
1195 1691 1332 1743 septies
1360 1706 1452 1732 cen-

161 1764 252 1796 tena
273 1755 393 1795 millia
416 1755 700 1795 drachmarum.
735 1754 1032 1796 Praeferebantur
1063 1757 1099 1794 Sc
1124 1755 1164 1794 in
1187 1756 1328 1798 tabulis
1349 1757 1450 1798 sum=

161 1833 256 1869 mae,
285 1832 377 1870 quas
404 1819 591 1869 Pompejo
615 1818 665 1858 ad
687 1818 833 1858 bellum
860 1819 1090 1869 piraticum,
1125 1820 1264 1860 deinde
1290 1822 1450 1871 quaesto-

162 1883 266 1922 ribus
288 1882 406 1921 aerarii
428 1882 610 1922 dederat:
639 1881 872 1931 adscriptum
905 1881 1020 1921 etiam
1040 1889 1333 1936 erat,nongen.zs
1351 1885 1453 1937 quin-

165 1959 344 1999 quagenas
370 1945 554 1983 drachmas
580 1943 753 1982 militibus
780 1943 944 1996 divistffi.

173 2011 178 2015 “
218 2006 397 2047 LXXVI.
429 2007 525 2046 Inde
554 2005 799 2058 splendidum
829 2006 987 2058 epulum
1008 2007 1154 2058 populo
1178 2009 1307 2059 dedit,
1332 2010 1371 2049 in
1392 2011 1451 2051 fo„

163 2082 206 2108 ro
236 2071 270 2108 &
300 2081 366 2119 per
398 2069 502 2107 vicos
524 2068 697 2108 tricliniis
730 2069 882 2110 stratis:
916 2069 1072 2119 vinique
1106 2070 1225 2110 Graeci
1253 2074 1449 2124 congiario

166 2129 289 2169 divifit
319 2128 442 2168 millia
474 2130 614 2169 cadum
645 2128 810 2180 amplius
845 2140 1017 2169 centum.
1059 2132 1209 2171 Statuas
1240 2134 1453 2183 permultas

164 2192 205 2230 in
242 2190 397 2241 publico
432 2191 558 2241 posuit
592 2204 638 2231 ex
672 2191 862 2231 manubiis
882 2223 895 2239 ,
928 2193 968 2231 in
998 2192 1137 2243 quibus
1173 2195 1322 2234 eximiae
1360 2196 1454 2235 artis

166 2252 352 2293 Hercules
384 2253 460 2292 fuit
481 2253 520 2291 in
542 2252 649 2293 fatali
671 2255 804 2294 tunica
840 2254 1014 2306 suprema
1040 2255 1229 2304 sentiens,
1261 2258 1297 2296 &
1323 2257 1454 2297 Colos-

166 2317 227 2357 sus
253 2317 437 2368 Apollinis
463 2319 619 2370 triginta
642 2319 885 2369 cubitorum,
914 2328 1073 2359 centum
1100 2319 1374 2370 quinquaginta
1397 2328 1454 2358 ta-

217 2436 237 2473 S
262 2435 417 2470 LXXIV.
441 2438 586 2482 Appian.
612 2438 750 2482 Joseph.
775 2439 866 2473 Plut.
893 2439 927 2471 in
951 2438 1073 2482 Pomp.
1096 2437 1117 2481 §
1143 2436 1280 2470 LXXV.
1305 2436 1451 2471 Diodora

167 2478 260 2525 vlup.
286 2482 432 2526 Appian,
451 2484 608 2519 Mithrid.
626 2485 734 2520 Strab.
758 2485 784 2519 1.
807 2496 859 2519 η.
883 2484 957 2517 Cic.
981 2495 1044 2527 pro
1073 2481 1227 2526 Deiotar.
1246 2491 1276 2516 c.
1305 2492 1360 2514 ιι.
