1675 2959
285 131 517 196 34010.
552 129 1088 178 FREINSHEMII
1122 129 1501 177 SUPPLEM.

337 239 476 279 XLIV.
507 240 633 291 Nuper
659 250 795 276 tantum
818 237 943 276 bellum
963 250 1037 275 cum
1056 236 1185 290 paucis
1211 236 1408 275 cohortibus
1439 237 1566 290 orsus}

279 300 375 340 i‘ntra
398 302 590 353 vicesimum
611 299 701 338 diem
717 300 828 352 fitpra
852 310 1000 350 quatuor
1024 298 1176 350 legiones
1202 299 1344 352 hostium
1369 304 1463 336 meas
1477 297 1562 349 fici.

261 407 264 410 Δ
281 376 386 416 atque
405 365 462 402 illi
485 363 614 402 milites
639 362 709 400 laeti
728 360 941 412 iubentesque
960 361 1128 411 imperata
1142 361 1289 414 faciunt
1298 376 1314 409 ;
1344 361 1379 400 6·
1396 362 1489 413 quod
1509 373 1561 397 me

274 425 399 477 potius
431 423 630 475 imperatore
655 420 778 472 ferunt
806 427 927 467 arma,⁴
948 419 1103 471 fortuna
1121 421 1196 472 fitae
1212 422 1447 473 gratulantur.
1487 421 1524 458 V
1522 433 1564 457 os

278 499 434 538 quoque,
456 486 491 536 fi
513 483 599 522 aliis
613 483 684 536 suh
712 481 860 519 ducibus
895 495 1059 520 merentes
1083 482 1123 520 in
1145 496 1254 520 meam
1277 482 1450 536 vemffitis
1467 491 1566 534 pote-

271 548 418 601 statem,
445 545 532 582 idem
545 541 726 594 faceretis.
753 542 864 580 Nunc
882 543 1037 595 secunda
1059 543 1450 594 tantum‚·imperatoris
1464 541 1565 594 vestri

275 608 408 647 virtute
419 636 431 655 ,
449 619 518 643 non
536 605 646 657 vestra
668 604 737 657 (ne
751 605 866 643 erretis
882 606 900 653 )
927 604 1058 657 experti
1069 619 1086 653 ‚·
1105 618 1213 657 neque
1227 605 1283 642 cui
1299 604 1456 643 militetis
1467 634 1479 654 ‚
1501 620 1564 643 ne-

276 685 362 723 que,
376 669 436 721 qui
451 682 516 706 vos
537 667 705 719 ipfifids,
719 667 922 720 agnoscitis.
944 668 1071 721 Agite,
1080 669 1118 718 st
1129 667 1266 721 placet,
1281 668 1316 707 6·
1328 668 1388 707 vel
1398 669 1449 706 ad
1457 669 1563 707 Pom-

272 729 390 786 pejum
415 730 566 780 tranfite.
593 730 710 782 ecquis
735 731 878 782 vestram
906 742 978 768 tam
1003 733 1048 784 est
1075 744 1264 783 arrogam,
1286 743 1326 769 ut
1346 745 1416 771 non
1443 730 1564 768 multis

276 792 391 830 modis
416 791 454 829 T.
482 791 637 829 Labieno
657 792 696 842 se
716 789 880 842 fhteatur
910 790 1139 843 inferiorem?
1169 793 1225 831 At
1249 793 1309 832 ille
1334 793 1420 831 meis
1446 793 1565 845 auspi-

275 852 345 889 ciis
369 851 493 903 ubiqtte
517 852 750 904 magnificus,
778 852 901 904 ubique
930 853 1035 891 νὶἑῖον
1046 884 1060 901 ,
1085 867 1160 891 cum
1190 855 1386 907 imperatore
1411 853 1566 894 mutavit

265 912 451 966 fhrtunam
465 944 480 962 ,
506 914 541 952 δ’
553 943 564 962 ,
584 914 684 966 quast
700 925 829 964 repente
845 913 968 965 fabius
991 914 1070 966 efflet
1089 915 1187 969 alius
1199 945 1210 964 ‚
1228 916 1372 967 ignarus
1396 929 1500 955 antea
1521 916 1564 953 ti-

274 975 381 1012 moris
396 973 431 1011 θ’
441 974 564 1026 sugce,
584 989 676 1013 nunc
703 976 874 1028 nusquam
900 975 1048 1013 locorum
1073 978 1178 1015 audet
1201 978 1377 1030 consistere.
1404 978 1482 1024 Ite,
1496 978 1562 1026 ite,

274 1038 312 1077 6³
333 1038 398 1075 hoc
419 1038 609 1091 exemplum
623 1038 835 1091 sequimini,
849 1040 992 1091 quando
1010 1053 1076 1078 vos
1087 1039 1279 1092 felicitatis
1304 1041 1414 1093 vestrae
1424 1042 1533 1094 piget.

330 1100 450 1140 XLV.
477 1100 665 1153 Stipendia
699 1100 802 1140 vobis
819 1100 911 1154 justo
942 1114 1085 1153 tempore
1116 1103 1270 1151 dantur;
1292 1118 1436 1141 annona
1464 1117 1562 1142 nun-

268 1177 379 1215 quam
405 1160 544 1212 defitit;
575 1161 669 1199 nihil
689 1175 795 1214 operae
828 1163 952 1211 vobis,
973 1163 1068 1201 nihil
1100 1164 1248 1217 periculi
1280 1164 1470 1217 injum‘lum
1492 1165 1537 1217 est
1550 1194 1563 1214 ,

273 1223 378 1277 cujus
394 1237 459 1261 vos
477 1223 639 1273 poenitere
660 1223 790 1264 debeat.
815 1222 957 1276 Majore
973 1224 1141 1276 sudoris,
1156 1239 1258 1277 quam
1275 1225 1482 1279 sanguinis,
1500 1227 1567 1264 im-

268 1282 379 1334 penfit
402 1294 456 1318 res
473 1285 625 1322 omnium
638 1284 891 1338 pretiofiffimas
904 1316 915 1334 ‚
926 1286 1168 1338 securitatem,
1186 1288 1357 1340 gloriam,
1381 1285 1562 1322 vift‘oriam

264 1340 484 1395 quassviflis.
511 1354 615 1392 neque
636 1340 730 1378 dona
755 1339 857 1377 vobis
879 1351 982 1392 atque
996 1354 1142 1392 praemia
1164 1341 1365 1393 defuerunt,
1379 1356 1453 1394 quae
1469 1345 1562 1396 sem-

267 1418 333 1457 per
347 1403 447 1454 larga
466 1415 572 1440 manu
588 1401 764 1454 distribui,
783 1401 820 1439 in
835 1402 947 1453 poenis
967 1402 1110 1453 parcior
1122 1430 1133 1450 ,
1149 1417 1210 1441 nec
1235 1414 1350 1442 temere
1374 1404 1466 1442 ultra
1485 1419 1558 1442 ver-

272 1466 390 1504 borum
412 1464 668 1516 castigationem
682 1461 886 1515 progreffits.
911 1464 969 1501 At
981 1478 1092 1512 nunc,
1112 1475 1151 1502 ut
1165 1464 1348 1515 sentiatis⁷
1364 1480 1460 1517 quem
1477 1479 1561 1519 pro-

270 1528 510 1573 vocaveritis,
535 1537 641 1578 utque
656 1526 768 1577 vestra:
781 1539 890 1578 poenae
905 1527 1093 1578 exemplum
1117 1540 1139 1563 a
1156 1528 1239 1578 pari
1263 1527 1406 1579 insania
1428 1530 1559 1568 Roma-

273 1605 337 1628 nos
363 1589 535 1628 exercitus
562 1589 762 1640 absterreat,
790 1601 911 1626 rnorem
939 1587 1127 1639 majorum,
1152 1590 1189 1627 δ’
1217 1589 1470 1639 clartffi‘morum
1495 1592 1560 1629 du-

271 1661 348 1688 ctim
373 1650 527 1701 instituta
537 1650 700 1701 secutus,
721 1648 887 1700 legionem
912 1649 1098 1690 decimabo.
1123 1650 1218 1689 Sane
1242 1651 1354 1688 amari
1376 1653 1511 1704 semper
1534 1665 1559 1690 a

273 1712 446 1750 militibus
469 1712 573 1758 meis,
598 1725 701 1763 quam
730 1711 840 1748 timeri
861 1710 983 1749 malui.
1013 1711 1084 1749 Sed
1107 1713 1273 1764 quoniam
1295 1712 1440 1751 alterurn
1454 1743 1465 1760 ,
1482 1727 1558 1752 cum

269 1774 426 1827 praeflare
448 1772 632 1821 deberetis,
658 1771 834 1825 omifistis:
850 1772 1016 1822 alterum,
1043 1774 1138 1825 quod
1150 1771 1301 1826 ffctstis
1327 1775 1560 1827 neceffarium,

266 1836 395 1888 subite.

328 1896 466 1937 XLVI.
499 1896 597 1937 Cum
625 1894 726 1934 hanc
752 1895 802 1935 ad
833 1908 969 1936 vocem
1000 1899 1081 1937 or'ta
1108 1897 1277 1938 militum
1301 1898 1555 1951 comploratio

273 1960 388 2008 esset,
411 1960 552 1999 tribuni
578 1959 921 2010 centurionesque,
951 1961 1238 2012 exquifitiffimis
1271 1964 1450 2014 precibus
1478 1966 1559 2016 pla-

271 2036 356 2061 care
375 2022 527 2062 Caesaris
555 2023 651 2062 iram
679 2022 766 2071 nifi,
787 2023 852 2062 vix
870 2024 1028 2063 tandem
1054 2024 1285 2074 effecerunt,
1313 2034 1355 2066 ut
1371 2027 1474 2067 flecti
1503 2027 1557 2067 vi-

264 2086 437 2125 deretur.
458 2085 574 2136 Igitur
595 2085 763 2125 resumto
788 2085 985 2134 sermone,
1010 2088 1123 2126 Nihil
1139 2089 1273 2140 quidem
1296 2090 1459 2136 concedi,
1477 2089 1553 2138 ait,

269 2148 472 2200 oportebat,
494 2149 546 2186 ita
561 2149 691 2186 meritis
702 2148 792 2200 ;sed
809 2159 919 2186 tamen
939 2161 1115 2187 contentus
1126 2163 1230 2201 poena
1247 2165 1446 2203 paucorum,
1463 2152 1555 2189 dabo

272 2210 492 2248 multitudini
522 2211 732 2259 panitcntia:
769 2210 888 2248 locum.
932 2211 1006 2249 Vos
1031 2224 1170 2260 autem,
1195 2213 1319 2264 quibus
1350 2214 1418 2252 haec
1449 2215 1555 2251 venia

272 2271 488 2327 conceditur,
511 2272 597 2323 quid
614 2274 724 2309 aetum
745 2275 795 2324 Jit
818 2273 942 2320 hodie,
969 2273 1004 2311 6³
1027 2288 1096 2325 qua
1115 2275 1181 2327 spe
1203 2279 1371 2327 pat‘Yoque
1397 2278 1559 2316 dimitta-

272 2331 357 2368 mini
371 2359 382 2378 .,
404 2330 586 2382 diligenter
607 2343 812 2370 mementote.
834 2333 930 2369 Nam
940 2333 1103 2386 fipostea
1129 2335 1187 2373 vel
1207 2336 1338 2374 minimi
1364 2349 1478 2375 motus
1491 2348 1555 2375 aut

327 2443 349 2488 ς
370 2443 473 2478 XLV.
496 2444 638 2490 Appian.
669 2447 762 2482 civil.
788 2449 812 2481 l.
833 2459 865 2481 2.
886 2420 987 2482 D'10.V
