1675 2959
272 94 351 140 IN
399 93 563 140 Loc.
609 93 742 139 ΜΒ.
792 93 918 139 cvii
972 95 1105 140 tw.
1264 110 1355 157 247

67 200 106 238 ἃ
130 196 364 248 profundum
391 210 544 236 amnem
572 196 760 237 facillimo
785 196 950 247 ¹negotio
977 197 1234 236 transmittere
1262 200 1351 249 pos-

63 257 132 297 set.
164 257 281 306 Cujus
313 258 365 296 rei
390 271 455 307 per
484 257 548 296 illa
573 259 607 297 ἃ
636 257 828 308 sequentia
852 267 1048 311 tempora,
1076 260 1113 297 in
1148 260 1352 311 Danubio,

64 319 105 358 in
129 319 293 367 Rheno,
321 319 360 357 in
385 318 580 370 Euphrate
605 319 818 369 frequentia
849 321 1082 360 documenta
1108 322 1310 362 dederunt.

119 381 189 422 IX.
217 381 326 420 Ratio
356 391 484 421 autem
510 383 794 432 jungendorum
817 384 992 433 pontium
1016 383 1096 423 haec
1115 384 1188 422 fuit
1204 384 1351 426 mirata,

64 442 162 482 Lato
182 442 289 481 alveo
311 456 450 492 naves,
475 442 663 494 superiore
680 472 691 490 ‚
721 457 836 493 quam
864 444 928 483 ubi
956 458 1054 495 pons
1077 445 1323 485 destinaretur
1336 467 1361 495 ‚-

64 504 154 544 loco
179 505 514 545 constituebantur.
543 506 658 558 Signo
686 506 798 553 dato,
820 507 987 556 primum
1017 521 1090 547 una
1115 520 1243 547 earum
1259 538 1269 555 ,
1299 508 1352 548 se.

64 570 193 609 cundo
217 569 377 609 flumine
405 567 559 608 demissa
577 598 588 616 ,
614 576 800 618 quantum
831 578 981 618 poterat
1007 569 1271 621 applicabatur
1296 573 1350 610 ci-

62 632 165 671 timae
199 633 300 682 ripae.
336 631 475 670 deinde
500 630 617 669 storea
647 629 742 669 saxis
763 630 906 681 repleta
931 632 1171 682 mergebatur
1196 632 1349 681 fundo,

61 704 216 739 ancorae,
243 693 366 730 vicem
399 691 591 730 firmatura
626 691 832 742 deligatam
853 691 981 731 valido
1012 693 1173 731 rudente
1194 704 1348 732 navem.

63 753 261 793 Continuo
282 753 464 801 materia,
488 754 595 801 cujus
627 752 707 802 ipsa
731 753 836 791 navis
858 755 1013 804 copiam
1045 753 1260 804 praebebat,
1284 761 1343 792 to.

60 825 99 854 ta
135 815 454 854 consternebatur.
495 814 629 853 eadem
663 822 874 854 ceterarum
908 815 1050 854 deinde
1088 816 1242 855 navium
1273 816 1344 856 ad..

59 877 340 927 jungendamm
372 885 452 917 erat
481 876 577 915 ratio
597 905 608 923 ,
639 889 730 926 quas
755 878 791 916 ἃ,
816 876 977 915 demiffae
1007 878 1048 915 in
1081 890 1234 917 amnem
1258 892 1346 917 mo-

59 937 138 985 les,
175 941 210 977 Sc
236 937 372 977 vicinis
400 937 576 986 utrinque
601 936 759 975 navibus
779 936 916 976 innexa
938 936 1088 976 vincula
1112 939 1344 980 retinebant.

60 1001 158 1040 Cum
191 1000 240 1039 ad
271 999 427 1039 alteram
458 999 579 1048 ripam
616 998 802 1040 deduc'tus
836 1012 934 1049 pons
968 1008 1069 1046 erat,
1106 1000 1145 1038 in
1172 1012 1348 1043 extrema

57 1070 156 1099 nave
180 1070 299 1100 turres
331 1073 420 1099 cum
457 1058 643 1099 machinis
673 1062 707 1099 Sc
735 1060 961 1111 catapultis,
997 1064 1032 1102 ὃ(
1063 1063 1112 1101 ad
1139 1065 1345 1113 egredien-

56 1121 152 1159 dum
179 1130 288 1171 porta
309 1121 528 1160 struebatur.

110 1184 162 1223 X.
204 1184 383 1224 Ceterum
405 1183 503 1221 nihil
529 1182 626 1222 ultra
655 1182 820 1234 gloriam
848 1183 906 1224 bis
935 1185 1135 1224 transcensi
1165 1186 1347 1227 fluminis.

55 1245 129 1284 hac
153 1247 399 1297 expeditione
420 1246 617 1295 quaefitum
637 1248 700 1287 est.
725 1248 869 1287 Paucos
891 1248 972 1287 dies
994 1257 1163 1288 moratus
1183 1250 1223 1288 in
1248 1250 1341 1289 Ger.

55 1310 182 1350 mania
211 1309 353 1357 Caesar,
384 1320 473 1347 cum
502 1310 619 1349 Suevi,
635 1310 672 1349 se
697 1311 736 1349 in
761 1310 869 1350 silvas
894 1311 1073 1363 recepiffe
1097 1313 1341 1362 dicerentur,

54 1373 209 1424 inopiam
226 1402 238 1420 ‚
269 1379 312 1410 ut
343 1370 423 1421 ipse
450 1372 522 1418 ait,
542 1372 712 1423 frumenti
741 1375 872 1411 veritus
882 1389 898 1422 ,·
927 1383 972 1411 ut
997 1374 1095 1422 Dio,
1128 1376 1262 1414 Suevos
1294 1377 1339 1414 ti-

54 1450 174 1483 mens;
192 1435 311 1490 (nam
340 1437 374 1474 δι
399 1435 632 1473 frumentum
658 1447 706 1473 ex
730 1434 850 1474 Gallia
869 1434 1026 1474 subvehi
1051 1435 1159 1474 nullo
1180 1438 1337 1486 negotio
1375 1426 1403 1450 '⁶

54 1495 263 1547 potuisset)
304 1506 466 1546 pontem
501 1496 541 1534 in
579 1494 861 1546 longitudinem
898 1497 1041 1546 pedum
1080 1497 1339 1538 ducentorum

55 1557 264 1605 rescindit,
295 1567 408 1608 atque
438 1557 479 1596 in
511 1565 684 1599 extremo
718 1559 853 1596 turrim
882 1559 1140 1598 tabulatorum
1174 1569 1339 1610 quatuor

54 1620 271 1659 constituit:
302 1620 593 1670 praefidiumque
613 1621 759 1659 tuendo
783 1621 895 1671 ponti
919 1621 1070 1672 reliquit
1089 1624 1130 1662 in
1147 1622 1337 1673 Treviris,

53 1689 96 1720 ut
120 1680 320 1720 Germanis
342 1680 475 1730 saepius
501 1681 686 1720 transituri
717 1680 883 1731 speciem
916 1682 1068 1722 faceret.

106 1742 177 1785 XI.
201 1742 278 1782 Sed
305 1742 401 1792 ipse,
430 1742 606 1791 capiendi
632 1743 862 1794 Ambiorigis
881 1745 1010 1792 causa,
1029 1757 1095 1795 per
1119 1744 1247 1784 {ilvam
1269 1746 1342 1785 Ara

54 1803 271 1851 duennam,
294 1817 377 1854 quae
399 1815 469 1853 per
495 1803 703 1854 quingenta
729 1804 846 1843 millia
866 1805 1057 1855 passuum,
1078 1819 1099 1844 a
1123 1808 1214 1856 ripis
1235 1805 1339 1845 Rhe-

52 1867 91 1904 ni
115 1866 329 1918 finibusque
358 1867 605 1907 Trevirorum
638 1868 686 1906 ad
715 1869 875 1908 Nervios
911 1869 1029 1919 usque
1067 1869 1345 1919 pertingebat,·

52 1927 273 1968 Minucium
301 1928 464 1969 Basilum
497 1942 586 1969 cum
617 1930 795 1979 equitatu
815 1931 926 1970 mifit.
968 1930 1152 1980 Nihilque
1178 1932 1342 1982 propius,

49 1989 217 2037 fastum,
247 2003 358 2040 quam
381 2000 423 2029 ut
443 1989 844 2040 comprehenderetur.
880 1990 1014 2041 effugit
1039 2000 1190 2039 tamen,
1219 1992 1335 2031 mism-

51 2064 124 2101 que
154 2053 334 2099 nuntios,
361 2052 425 2102 qui
455 2052 658 2103 populares
682 2060 908 2100 monerent,
944 2054 1062 2104 utfibi
1086 2054 1227 2106 quifiyue
1257 2068 1338 2092 corz-²

40 2113 181 2165 fizleret.
226 2113 339 2154 Multi
375 2125 504 2153 tamen
534 2114 660 2153 hostili
687 2115 817 2163 ferro,
847 2124 912 2154 aut
941 2116 1202 2155 incommodis
1234 2116 1337 2167 fuga-2

50 2174 267 2223 perierunt:
291 2175 537 2225 Cativulcus,
556 2189 619 2215 rex
642 2176 811 2216 dimidiae
837 2178 953 2228 partis
978 2178 1228 2226 Eburonum,
1255 2191 1336 2227 gra-

49 2235 104 2275 vis
128 2244 263 2286 aetate,
294 2250 384 2278 cum
413 2239 545 2291 fugere
568 2252 645 2278 non
676 2239 823 2290 posset,
851 2240 993 2280 devoto
1019 2240 1108 2280 diris
1131 2240 1334 2280 Ambiori-

93 2360 116 2394 Ε
135 2360 229 2395 Vm.
253 2362 396 2396 Diodor.
419 2364 504 2400 Caef.
525 2364 627 2400 Orof.
650 2366 677 2411 5
696 2367 756 2400 ΙΧ.
780 2367 867 2399 Flor.
889 2377 936 2408 4,
950 2375 1000 2396 12.
1024 2364 1100 2397 Liv.
1118 2364 1208 2407 Epir.
1225 2362 1333 2399 Oros.

51 2403 73 2449 §
98 2405 139 2438 X.
164 2406 249 2441 Caes.
268 2408 412 2444 Diodox„

988 2464 1035 2521 Q
1055 2480 1086 2519 4
