<?xml version="1.0" encoding="UTF-8"?>
<!DOCTYPE html PUBLIC "-//W3C//DTD XHTML 1.0 Transitional//EN"
    "http://www.w3.org/TR/xhtml1/DTD/xhtml1-transitional.dtd">
<html xmlns="http://www.w3.org/1999/xhtml" xml:lang="en" lang="en">
 <head>
  <title>
</title>
<meta http-equiv="Content-Type" content="text/html;charset=utf-8" />
  <meta name='ocr-system' content='tesseract 3.04.00' />
  <meta name='ocr-capabilities' content='ocr_page ocr_carea ocr_par ocr_line ocrx_word'/>
</head>
<body>
  <div class='ocr_page' id='page_1' title='image "./historiarumlibri10livyuoft_0352.png"; bbox 0 0 1675 2959; ppageno 0'>
   <div class='ocr_carea' id='block_1_1' title="bbox 270 174 1481 239">
    <p class='ocr_par' dir='ltr' id='par_1_1' title="bbox 270 174 1481 239">
     <span class='ocr_line' id='line_1_1' title="bbox 270 174 1481 239; baseline 0.012 -16"><span class='ocrx_word' id='word_1_1' title='bbox 270 174 369 239; x_wconf 82' lang='lat'>&#39;316</span> <span class='ocrx_word' id='word_1_2' title='bbox 431 179 528 229; x_wconf 84' lang='lat' dir='ltr'>JO.</span> <span class='ocrx_word' id='word_1_3' title='bbox 566 181 1077 232; x_wconf 85' lang='lat' dir='ltr'>FREINSHEMII</span> <span class='ocrx_word' id='word_1_4' title='bbox 1115 186 1481 237; x_wconf 67' lang='lat' dir='ltr'>SUPPLEM2</span> 
     </span>
    </p>
   </div>
   <div class='ocr_carea' id='block_1_2' title="bbox 257 281 1559 962">
    <p class='ocr_par' dir='ltr' id='par_1_2' title="bbox 257 281 1559 962">
     <span class='ocr_line' id='line_1_2' title="bbox 273 281 1559 347; baseline 0.013 -25"><span class='ocrx_word' id='word_1_5' title='bbox 273 281 364 323; x_wconf 87' lang='lat' dir='ltr'>saris</span> <span class='ocrx_word' id='word_1_6' title='bbox 379 285 596 335; x_wconf 82' lang='lat' dir='ltr'>appellebat</span> <span class='ocrx_word' id='word_1_7' title='bbox 609 318 621 336; x_wconf 88' lang='lat'>,</span> <span class='ocrx_word' id='word_1_8' title='bbox 633 297 677 327; x_wconf 91' lang='lat' dir='ltr'>ut</span> <span class='ocrx_word' id='word_1_9' title='bbox 694 297 789 328; x_wconf 88' lang='lat' dir='ltr'>rates</span> <span class='ocrx_word' id='word_1_10' title='bbox 804 303 1067 342; x_wconf 82' lang='lat' dir='ltr'><strong>perrumperet</strong></span> <span class='ocrx_word' id='word_1_11' title='bbox 1079 328 1093 344; x_wconf 94' lang='lat'>‚</span> <span class='ocrx_word' id='word_1_12' title='bbox 1112 304 1227 347; x_wconf 86' lang='lat' dir='ltr'>atque</span> <span class='ocrx_word' id='word_1_13' title='bbox 1242 310 1356 347; x_wconf 87' lang='lat' dir='ltr'>opera</span> <span class='ocrx_word' id='word_1_14' title='bbox 1373 298 1559 340; x_wconf 80' lang='lat' dir='ltr'>disturba-</span> 
     </span>
     <span class='ocr_line' id='line_1_3' title="bbox 269 346 1555 412; baseline 0.013 -27"><span class='ocrx_word' id='word_1_15' title='bbox 269 354 342 385; x_wconf 75' lang='lat' dir='ltr'>ret.</span> <span class='ocrx_word' id='word_1_16' title='bbox 361 346 412 385; x_wconf 87' lang='lat' dir='ltr'>fic</span> <span class='ocrx_word' id='word_1_17' title='bbox 430 349 603 396; x_wconf 84' lang='lat' dir='ltr'>quotidie</span> <span class='ocrx_word' id='word_1_18' title='bbox 627 350 775 388; x_wconf 87' lang='lat' dir='ltr'>eminus</span> <span class='ocrx_word' id='word_1_19' title='bbox 792 352 970 402; x_wconf 88' lang='lat' dir='ltr'>utrinque</span> <span class='ocrx_word' id='word_1_20' title='bbox 984 356 1130 407; x_wconf 84' lang='lat' dir='ltr'>fundis,</span> <span class='ocrx_word' id='word_1_21' title='bbox 1149 359 1291 410; x_wconf 81' lang='lat' dir='ltr'>sagittis</span> <span class='ocrx_word' id='word_1_22' title='bbox 1304 392 1315 409; x_wconf 94' lang='lat'>,</span> <span class='ocrx_word' id='word_1_23' title='bbox 1330 360 1555 412; x_wconf 87' lang='lat' dir='ltr'>reliquisque</span> 
     </span>
     <span class='ocr_line' id='line_1_4' title="bbox 268 407 1554 462; baseline 0.012 -17"><span class='ocrx_word' id='word_1_24' title='bbox 268 407 357 446; x_wconf 89' lang='lat' dir='ltr'>telis</span> <span class='ocrx_word' id='word_1_25' title='bbox 381 408 628 459; x_wconf 82' lang='lat' dir='ltr'>pugnabatur.</span> <span class='ocrx_word' id='word_1_26' title='bbox 652 410 749 449; x_wconf 90' lang='lat' dir='ltr'>Cum</span> <span class='ocrx_word' id='word_1_27' title='bbox 774 411 822 449; x_wconf 86' lang='lat' dir='ltr'>ad</span> <span class='ocrx_word' id='word_1_28' title='bbox 846 410 950 452; x_wconf 90' lang='lat' dir='ltr'>hunc</span> <span class='ocrx_word' id='word_1_29' title='bbox 976 418 1137 457; x_wconf 90' lang='lat' dir='ltr'>modum</span> <span class='ocrx_word' id='word_1_30' title='bbox 1159 421 1239 459; x_wconf 87' lang='lat' dir='ltr'>dies</span> <span class='ocrx_word' id='word_1_31' title='bbox 1265 422 1388 460; x_wconf 46' lang='lat' dir='ltr'>exacti</span> <span class='ocrx_word' id='word_1_32' title='bbox 1410 435 1554 462; x_wconf 86' lang='lat' dir='ltr'>novem</span> 
     </span>
     <span class='ocr_line' id='line_1_5' title="bbox 271 468 1553 529; baseline 0.012 -23"><span class='ocrx_word' id='word_1_33' title='bbox 271 468 412 517; x_wconf 75' lang='lat' dir='ltr'>essent,</span> <span class='ocrx_word' id='word_1_34' title='bbox 436 482 575 518; x_wconf 84' lang='lat' dir='ltr'>naves,</span> <span class='ocrx_word' id='word_1_35' title='bbox 597 484 680 519; x_wconf 81' lang='lat' dir='ltr'>quae</span> <span class='ocrx_word' id='word_1_36' title='bbox 704 472 878 512; x_wconf 83' lang='lat' dir='ltr'>consules</span> <span class='ocrx_word' id='word_1_37' title='bbox 907 476 1274 529; x_wconf 87' lang='lat' dir='ltr'>transportaverant,</span> <span class='ocrx_word' id='word_1_38' title='bbox 1308 482 1553 523; x_wconf 85' lang='lat' dir='ltr'>Brundifium</span> 
     </span>
     <span class='ocr_line' id='line_1_6' title="bbox 264 528 1555 595; baseline 0.015 -30"><span class='ocrx_word' id='word_1_39' title='bbox 264 528 476 567; x_wconf 75' lang='lat' dir='ltr'>redierunt.</span> <span class='ocrx_word' id='word_1_40' title='bbox 500 530 648 569; x_wconf 87' lang='lat' dir='ltr'>Harum</span> <span class='ocrx_word' id='word_1_41' title='bbox 677 532 847 573; x_wconf 86' lang='lat' dir='ltr'>adventu</span> <span class='ocrx_word' id='word_1_42' title='bbox 875 536 1108 588; x_wconf 75' lang='lat' dir='ltr'>PompeJus,</span> <span class='ocrx_word' id='word_1_43' title='bbox 1138 541 1212 580; x_wconf 86' lang='lat' dir='ltr'>five</span> <span class='ocrx_word' id='word_1_44' title='bbox 1239 543 1392 583; x_wconf 84' lang='lat' dir='ltr'>Caesaris</span> <span class='ocrx_word' id='word_1_45' title='bbox 1423 545 1555 595; x_wconf 83' lang='lat' dir='ltr'>operi-</span> 
     </span>
     <span class='ocr_line' id='line_1_7' title="bbox 265 587 1551 655; baseline 0.013 -26"><span class='ocrx_word' id='word_1_46' title='bbox 265 587 340 629; x_wconf 89' lang='lat' dir='ltr'>bus</span> <span class='ocrx_word' id='word_1_47' title='bbox 366 599 588 640; x_wconf 81' lang='lat' dir='ltr'>permotus,</span> <span class='ocrx_word' id='word_1_48' title='bbox 626 606 790 643; x_wconf 91' lang='lat' dir='ltr'>quorum</span> <span class='ocrx_word' id='word_1_49' title='bbox 818 597 939 637; x_wconf 89' lang='lat' dir='ltr'>ferme</span> <span class='ocrx_word' id='word_1_50' title='bbox 970 601 1132 641; x_wconf 86' lang='lat' dir='ltr'>dimidia</span> <span class='ocrx_word' id='word_1_51' title='bbox 1167 616 1251 653; x_wconf 85' lang='lat' dir='ltr'>pars</span> <span class='ocrx_word' id='word_1_52' title='bbox 1289 605 1424 645; x_wconf 60' lang='lat' dir='ltr'>effecta</span> <span class='ocrx_word' id='word_1_53' title='bbox 1448 615 1551 655; x_wconf 76' lang='lat' dir='ltr'>erat,</span> 
     </span>
     <span class='ocr_line' id='line_1_8' title="bbox 262 650 1553 719; baseline 0.016 -32"><span class='ocrx_word' id='word_1_54' title='bbox 262 650 342 689; x_wconf 79' lang='lat' dir='ltr'>five</span> <span class='ocrx_word' id='word_1_55' title='bbox 365 654 453 701; x_wconf 90' lang='lat' dir='ltr'>quia</span> <span class='ocrx_word' id='word_1_56' title='bbox 475 654 555 701; x_wconf 86' lang='lat' dir='ltr'>jam</span> <span class='ocrx_word' id='word_1_57' title='bbox 581 653 628 693; x_wconf 90' lang='lat' dir='ltr'>ab</span> <span class='ocrx_word' id='word_1_58' title='bbox 655 656 764 696; x_wconf 88' lang='lat' dir='ltr'>initio</span> <span class='ocrx_word' id='word_1_59' title='bbox 790 660 990 701; x_wconf 81' lang='lat' dir='ltr'>confilium</span> <span class='ocrx_word' id='word_1_60' title='bbox 1019 663 1136 704; x_wconf 85' lang='lat' dir='ltr'>Italiae</span> <span class='ocrx_word' id='word_1_61' title='bbox 1162 665 1421 716; x_wconf 70' lang='lat' dir='ltr'>relinquendae</span> <span class='ocrx_word' id='word_1_62' title='bbox 1439 681 1553 719; x_wconf 89' lang='lat' dir='ltr'>cepe-</span> 
     </span>
     <span class='ocr_line' id='line_1_9' title="bbox 261 714 1546 774; baseline 0.016 -26"><span class='ocrx_word' id='word_1_63' title='bbox 261 720 344 760; x_wconf 74' lang='lat' dir='ltr'>rat3</span> <span class='ocrx_word' id='word_1_64' title='bbox 371 725 447 752; x_wconf 83' lang='lat' dir='ltr'>una</span> <span class='ocrx_word' id='word_1_65' title='bbox 470 714 518 753; x_wconf 89' lang='lat' dir='ltr'>de</span> <span class='ocrx_word' id='word_1_66' title='bbox 541 728 582 754; x_wconf 90' lang='lat' dir='ltr'>re</span> <span class='ocrx_word' id='word_1_67' title='bbox 609 715 815 768; x_wconf 85' lang='lat' dir='ltr'>sollicitus,</span> <span class='ocrx_word' id='word_1_68' title='bbox 847 725 1174 772; x_wconf 85' lang='lat' dir='ltr'>quemadmodum</span> <span class='ocrx_word' id='word_1_69' title='bbox 1202 736 1286 766; x_wconf 86' lang='lat' dir='ltr'>tuto</span> <span class='ocrx_word' id='word_1_70' title='bbox 1315 728 1546 774; x_wconf 84' lang='lat' dir='ltr'>discederet,</span> 
     </span>
     <span class='ocr_line' id='line_1_10' title="bbox 261 774 1547 838; baseline 0.014 -28"><span class='ocrx_word' id='word_1_71' title='bbox 261 783 394 823; x_wconf 84' lang='lat' dir='ltr'>portas</span> <span class='ocrx_word' id='word_1_72' title='bbox 421 774 602 822; x_wconf 78' lang='lat' dir='ltr'>obstruit,</span> <span class='ocrx_word' id='word_1_73' title='bbox 624 787 846 830; x_wconf 84' lang='lat' dir='ltr'>partemque</span> <span class='ocrx_word' id='word_1_74' title='bbox 871 785 1019 824; x_wconf 86' lang='lat' dir='ltr'>viarum</span> <span class='ocrx_word' id='word_1_75' title='bbox 1047 786 1133 826; x_wconf 75' lang='lat' dir='ltr'>altis</span> <span class='ocrx_word' id='word_1_76' title='bbox 1164 789 1371 838; x_wconf 87' lang='lat' dir='ltr'>parietibus</span> <span class='ocrx_word' id='word_1_77' title='bbox 1396 791 1547 832; x_wconf 70' lang='lat' dir='ltr'>inaedifi.</span> 
     </span>
     <span class='ocr_line' id='line_1_11' title="bbox 258 836 1544 901; baseline 0.016 -30"><span class='ocrx_word' id='word_1_78' title='bbox 258 840 352 882; x_wconf 79' lang='lat' dir='ltr'>cat,</span> <span class='ocrx_word' id='word_1_79' title='bbox 380 844 446 874; x_wconf 82' lang='lat' dir='ltr'>aut</span> <span class='ocrx_word' id='word_1_80' title='bbox 468 836 581 877; x_wconf 78' lang='lat' dir='ltr'>fossas</span> <span class='ocrx_word' id='word_1_81' title='bbox 608 839 830 882; x_wconf 83' lang='lat' dir='ltr'>transversas</span> <span class='ocrx_word' id='word_1_82' title='bbox 853 845 1056 895; x_wconf 81' lang='lat' dir='ltr'>praeducit,</span> <span class='ocrx_word' id='word_1_83' title='bbox 1083 847 1218 898; x_wconf 82' lang='lat' dir='ltr'>easque</span> <span class='ocrx_word' id='word_1_84' title='bbox 1242 849 1432 900; x_wconf 78' lang='lat' dir='ltr'>stipitibus</span> <span class='ocrx_word' id='word_1_85' title='bbox 1458 862 1544 901; x_wconf 74' lang='lat' dir='ltr'>p-&#39;ae-</span> 
     </span>
     <span class='ocr_line' id='line_1_12' title="bbox 257 895 1484 962; baseline 0.012 -29"><span class='ocrx_word' id='word_1_86' title='bbox 257 895 383 934; x_wconf 75' lang='lat' dir='ltr'>acutis</span> <span class='ocrx_word' id='word_1_87' title='bbox 411 896 556 946; x_wconf 92' lang='lat' dir='ltr'>replet,</span> <span class='ocrx_word' id='word_1_88' title='bbox 585 899 751 940; x_wconf 82' lang='lat' dir='ltr'>cratibus</span> <span class='ocrx_word' id='word_1_89' title='bbox 776 902 972 955; x_wconf 89' lang='lat' dir='ltr'>humoque</span> <span class='ocrx_word' id='word_1_90' title='bbox 995 907 1144 958; x_wconf 82' lang='lat' dir='ltr'>aggesta</span> <span class='ocrx_word' id='word_1_91' title='bbox 1169 909 1324 950; x_wconf 80' lang='lat' dir='ltr'>infidias</span> <span class='ocrx_word' id='word_1_92' title='bbox 1348 919 1484 962; x_wconf 72' lang='lat' dir='ltr'>tegem.</span> 
     </span>
    </p>
   </div>
   <div class='ocr_carea' id='block_1_3' title="bbox 243 965 1588 2328">
    <p class='ocr_par' dir='ltr' id='par_1_3' title="bbox 247 965 1588 1758">
     <span class='ocr_line' id='line_1_13' title="bbox 313 965 1539 1030; baseline 0.013 -25"><span class='ocrx_word' id='word_1_93' title='bbox 313 965 498 1008; x_wconf 89' lang='lat' dir='ltr'>LXXIII.</span> <span class='ocrx_word' id='word_1_94' title='bbox 521 969 656 1010; x_wconf 87' lang='lat' dir='ltr'>Aditus</span> <span class='ocrx_word' id='word_1_95' title='bbox 671 979 801 1011; x_wconf 89' lang='lat' dir='ltr'>autem</span> <span class='ocrx_word' id='word_1_96' title='bbox 820 975 915 1014; x_wconf 87' lang='lat' dir='ltr'>duos</span> <span class='ocrx_word' id='word_1_97' title='bbox 930 1006 941 1023; x_wconf 89' lang='lat'>,</span> <span class='ocrx_word' id='word_1_98' title='bbox 959 978 1022 1026; x_wconf 89' lang='lat' dir='ltr'>qui</span> <span class='ocrx_word' id='word_1_99' title='bbox 1048 987 1154 1017; x_wconf 79' lang='lat' dir='ltr'>extra</span> <span class='ocrx_word' id='word_1_100' title='bbox 1174 993 1302 1021; x_wconf 89' lang='lat' dir='ltr'>muros</span> <span class='ocrx_word' id='word_1_101' title='bbox 1326 982 1375 1020; x_wconf 90' lang='lat' dir='ltr'>ad</span> <span class='ocrx_word' id='word_1_102' title='bbox 1394 987 1539 1030; x_wconf 80' lang='lat' dir='ltr'>portam</span> 
     </span>
     <span class='ocr_line' id='line_1_14' title="bbox 256 1027 1538 1088; baseline 0.01 -20"><span class='ocrx_word' id='word_1_103' title='bbox 256 1027 475 1078; x_wconf 88' lang='lat' dir='ltr'>ducebant,</span> <span class='ocrx_word' id='word_1_104' title='bbox 499 1033 684 1071; x_wconf 77' lang='lat' dir='ltr'>maximis</span> <span class='ocrx_word' id='word_1_105' title='bbox 713 1034 1007 1087; x_wconf 70' lang='lat' dir='ltr'>acutissimisque</span> <span class='ocrx_word' id='word_1_106' title='bbox 1028 1039 1219 1088; x_wconf 84' lang='lat' dir='ltr'>trabibus,</span> <span class='ocrx_word' id='word_1_107' title='bbox 1243 1043 1282 1080; x_wconf 88' lang='lat' dir='ltr'>in</span> <span class='ocrx_word' id='word_1_108' title='bbox 1303 1041 1454 1081; x_wconf 73' lang='lat' dir='ltr'>densim</span> <span class='ocrx_word' id='word_1_109' title='bbox 1478 1054 1538 1080; x_wconf 88' lang='lat' dir='ltr'>or-</span> 
     </span>
     <span class='ocr_line' id='line_1_15' title="bbox 255 1089 1540 1153; baseline 0.011 -25"><span class='ocrx_word' id='word_1_110' title='bbox 255 1089 392 1130; x_wconf 86' lang='lat' dir='ltr'>dinem</span> <span class='ocrx_word' id='word_1_111' title='bbox 418 1091 562 1131; x_wconf 52' lang='lat' dir='ltr'>strucffiis</span> <span class='ocrx_word' id='word_1_112' title='bbox 577 1123 587 1140; x_wconf 93' lang='lat'>,</span> <span class='ocrx_word' id='word_1_113' title='bbox 615 1093 775 1144; x_wconf 83' lang='lat' dir='ltr'>obsepit.</span> <span class='ocrx_word' id='word_1_114' title='bbox 806 1096 1052 1139; x_wconf 81' lang='lat' dir='ltr'>Brundismos</span> <span class='ocrx_word' id='word_1_115' title='bbox 1068 1130 1079 1147; x_wconf 93' lang='lat'>,</span> <span class='ocrx_word' id='word_1_116' title='bbox 1110 1101 1245 1150; x_wconf 86' lang='lat' dir='ltr'>quibus</span> <span class='ocrx_word' id='word_1_117' title='bbox 1264 1116 1391 1153; x_wconf 81' lang='lat' dir='ltr'>parum</span> <span class='ocrx_word' id='word_1_118' title='bbox 1412 1102 1540 1142; x_wconf 86' lang='lat' dir='ltr'>confi-</span> 
     </span>
     <span class='ocr_line' id='line_1_16' title="bbox 255 1150 1539 1211; baseline 0.012 -23"><span class='ocrx_word' id='word_1_119' title='bbox 255 1150 399 1199; x_wconf 85' lang='lat' dir='ltr'>debat,</span> <span class='ocrx_word' id='word_1_120' title='bbox 416 1152 527 1191; x_wconf 80' lang='lat' dir='ltr'>domi</span> <span class='ocrx_word' id='word_1_121' title='bbox 556 1153 592 1192; x_wconf 84' lang='lat' dir='ltr'>se</span> <span class='ocrx_word' id='word_1_122' title='bbox 616 1157 818 1195; x_wconf 83' lang='lat' dir='ltr'>continere</span> <span class='ocrx_word' id='word_1_123' title='bbox 845 1158 966 1206; x_wconf 76' lang='lat' dir='ltr'>juber.</span> <span class='ocrx_word' id='word_1_124' title='bbox 991 1160 1061 1199; x_wconf 86' lang='lat' dir='ltr'>His</span> <span class='ocrx_word' id='word_1_125' title='bbox 1091 1164 1251 1211; x_wconf 83' lang='lat' dir='ltr'>paratis,</span> <span class='ocrx_word' id='word_1_126' title='bbox 1275 1165 1405 1203; x_wconf 77' lang='lat' dir='ltr'>milites</span> <span class='ocrx_word' id='word_1_127' title='bbox 1429 1164 1539 1204; x_wconf 88' lang='lat' dir='ltr'>filen-</span> 
     </span>
     <span class='ocr_line' id='line_1_17' title="bbox 252 1213 1537 1275; baseline 0.012 -24"><span class='ocrx_word' id='word_1_128' title='bbox 252 1213 313 1251; x_wconf 85' lang='lat' dir='ltr'>tio</span> <span class='ocrx_word' id='word_1_129' title='bbox 347 1214 612 1255; x_wconf 85' lang='lat' dir='ltr'>conscendunt</span> <span class='ocrx_word' id='word_1_130' title='bbox 647 1230 786 1258; x_wconf 87' lang='lat' dir='ltr'>naves:</span> <span class='ocrx_word' id='word_1_131' title='bbox 821 1227 904 1259; x_wconf 90' lang='lat' dir='ltr'>tum</span> <span class='ocrx_word' id='word_1_132' title='bbox 943 1223 1135 1273; x_wconf 84' lang='lat' dir='ltr'>expediti,</span> <span class='ocrx_word' id='word_1_133' title='bbox 1163 1238 1259 1275; x_wconf 88' lang='lat' dir='ltr'>quos</span> <span class='ocrx_word' id='word_1_134' title='bbox 1291 1240 1340 1270; x_wconf 76' lang='lat' dir='ltr'>ex</span> <span class='ocrx_word' id='word_1_135' title='bbox 1368 1228 1537 1269; x_wconf 82' lang='lat' dir='ltr'>evocatis</span> 
     </span>
     <span class='ocr_line' id='line_1_18' title="bbox 253 1273 1537 1335; baseline 0.012 -22"><span class='ocrx_word' id='word_1_136' title='bbox 253 1273 460 1324; x_wconf 81' lang='lat' dir='ltr'>:sagittariis</span> <span class='ocrx_word' id='word_1_137' title='bbox 481 1285 595 1327; x_wconf 89' lang='lat' dir='ltr'>atque</span> <span class='ocrx_word' id='word_1_138' title='bbox 619 1278 882 1320; x_wconf 87' lang='lat' dir='ltr'>funditoribus</span> <span class='ocrx_word' id='word_1_139' title='bbox 899 1313 911 1330; x_wconf 94' lang='lat'>‚</span> <span class='ocrx_word' id='word_1_140' title='bbox 937 1284 986 1322; x_wconf 87' lang='lat' dir='ltr'>ad</span> <span class='ocrx_word' id='word_1_141' title='bbox 1016 1283 1181 1335; x_wconf 87' lang='lat' dir='ltr'>speciem</span> <span class='ocrx_word' id='word_1_142' title='bbox 1207 1287 1408 1327; x_wconf 77' lang='lat' dir='ltr'>retinendae</span> <span class='ocrx_word' id='word_1_143' title='bbox 1432 1288 1537 1328; x_wconf 87' lang='lat' dir='ltr'>urbis</span> 
     </span>
     <span class='ocr_line' id='line_1_19' title="bbox 250 1335 1588 1402; baseline 0.013 -28"><span class='ocrx_word' id='word_1_144' title='bbox 250 1335 297 1374; x_wconf 82' lang='lat' dir='ltr'>in</span> <span class='ocrx_word' id='word_1_145' title='bbox 321 1350 430 1376; x_wconf 89' lang='lat' dir='ltr'>muro</span> <span class='ocrx_word' id='word_1_146' title='bbox 452 1339 703 1389; x_wconf 82' lang='lat' dir='ltr'>disposuerat,</span> <span class='ocrx_word' id='word_1_147' title='bbox 729 1352 834 1382; x_wconf 82' lang='lat' dir='ltr'>certo</span> <span class='ocrx_word' id='word_1_148' title='bbox 855 1344 957 1394; x_wconf 85' lang='lat' dir='ltr'>figno</span> <span class='ocrx_word' id='word_1_149' title='bbox 986 1358 1235 1398; x_wconf 75' lang='lat' dir='ltr'>revocantur-3</span> <span class='ocrx_word' id='word_1_150' title='bbox 1258 1350 1388 1389; x_wconf 53' lang='lat' dir='ltr'>relictis</span> <span class='ocrx_word' id='word_1_151' title='bbox 1412 1352 1538 1390; x_wconf 64' lang='lat' dir='ltr'>attua-</span> <span class='ocrx_word' id='word_1_152' title='bbox 1585 1398 1588 1402; x_wconf 18' lang='lat' dir='ltr'><em>A</em></span> 
     </span>
     <span class='ocr_line' id='line_1_20' title="bbox 250 1397 1537 1460; baseline 0.012 -25"><span class='ocrx_word' id='word_1_153' title='bbox 250 1397 320 1436; x_wconf 72' lang='lat' dir='ltr'>riis</span> <span class='ocrx_word' id='word_1_154' title='bbox 344 1400 504 1438; x_wconf 82' lang='lat' dir='ltr'>navibus</span> <span class='ocrx_word' id='word_1_155' title='bbox 520 1431 532 1448; x_wconf 96' lang='lat'><strong>‚</strong></span> <span class='ocrx_word' id='word_1_156' title='bbox 560 1402 696 1451; x_wconf 79' lang='lat' dir='ltr'>quibus</span> <span class='ocrx_word' id='word_1_157' title='bbox 721 1417 787 1453; x_wconf 88' lang='lat' dir='ltr'>per</span> <span class='ocrx_word' id='word_1_158' title='bbox 810 1405 944 1446; x_wconf 80' lang='lat' dir='ltr'>itinera</span> <span class='ocrx_word' id='word_1_159' title='bbox 976 1416 1067 1448; x_wconf 83' lang='lat' dir='ltr'>nota</span> <span class='ocrx_word' id='word_1_160' title='bbox 1104 1410 1302 1460; x_wconf 76' lang='lat' dir='ltr'>diggreffi,</span> <span class='ocrx_word' id='word_1_161' title='bbox 1323 1410 1410 1450; x_wconf 88' lang='lat' dir='ltr'>suos</span> <span class='ocrx_word' id='word_1_162' title='bbox 1437 1411 1537 1451; x_wconf 81' lang='lat' dir='ltr'>affe-</span> 
     </span>
     <span class='ocr_line' id='line_1_21' title="bbox 253 1461 1536 1523; baseline 0.013 -27"><span class='ocrx_word' id='word_1_163' title='bbox 253 1469 474 1508; x_wconf 87' lang='lat' dir='ltr'>querentur.</span> <span class='ocrx_word' id='word_1_164' title='bbox 503 1461 607 1502; x_wconf 88' lang='lat' dir='ltr'>Dum</span> <span class='ocrx_word' id='word_1_165' title='bbox 631 1464 713 1504; x_wconf 86' lang='lat' dir='ltr'>haec</span> <span class='ocrx_word' id='word_1_166' title='bbox 737 1477 940 1516; x_wconf 78' lang='lat' dir='ltr'>geruntur,</span> <span class='ocrx_word' id='word_1_167' title='bbox 966 1469 1181 1511; x_wconf 77' lang='lat' dir='ltr'>Brundisini</span> <span class='ocrx_word' id='word_1_168' title='bbox 1201 1485 1249 1512; x_wconf 82' lang='lat' dir='ltr'>ex</span> <span class='ocrx_word' id='word_1_169' title='bbox 1277 1473 1379 1511; x_wconf 57' lang='lat' dir='ltr'>tectis</span> <span class='ocrx_word' id='word_1_170' title='bbox 1408 1474 1536 1523; x_wconf 88' lang='lat' dir='ltr'>profe-</span> 
     </span>
     <span class='ocr_line' id='line_1_22' title="bbox 251 1522 1533 1585; baseline 0.013 -26"><span class='ocrx_word' id='word_1_171' title='bbox 251 1522 425 1561; x_wconf 64' lang='lat' dir='ltr'>&lt;itionem</span> <span class='ocrx_word' id='word_1_172' title='bbox 451 1523 776 1575; x_wconf 76' lang='lat' dir='ltr'>Pompejanorum</span> <span class='ocrx_word' id='word_1_173' title='bbox 799 1542 897 1570; x_wconf 91' lang='lat' dir='ltr'>nutu</span> <span class='ocrx_word' id='word_1_174' title='bbox 924 1531 1196 1582; x_wconf 60' lang='lat' dir='ltr'>significabant.</span> <span class='ocrx_word' id='word_1_175' title='bbox 1225 1536 1315 1585; x_wconf 77' lang='lat' dir='ltr'>Ergo</span> <span class='ocrx_word' id='word_1_176' title='bbox 1333 1534 1533 1576; x_wconf 65' lang='lat' dir='ltr'>Caesariani</span> 
     </span>
     <span class='ocr_line' id='line_1_23' title="bbox 249 1583 1533 1646; baseline 0.011 -23"><span class='ocrx_word' id='word_1_177' title='bbox 249 1583 360 1625; x_wconf 83' lang='lat' dir='ltr'>scalis</span> <span class='ocrx_word' id='word_1_178' title='bbox 383 1586 510 1636; x_wconf 72' lang='lat' dir='ltr'>pofitis</span> <span class='ocrx_word' id='word_1_179' title='bbox 536 1601 664 1628; x_wconf 85' lang='lat' dir='ltr'>muros</span> <span class='ocrx_word' id='word_1_180' title='bbox 679 1591 909 1642; x_wconf 70' lang='lat' dir='ltr'>transgressi,</span> <span class='ocrx_word' id='word_1_181' title='bbox 930 1594 969 1632; x_wconf 85' lang='lat' dir='ltr'>in</span> <span class='ocrx_word' id='word_1_182' title='bbox 983 1595 1095 1634; x_wconf 83' lang='lat' dir='ltr'>foffas</span> <span class='ocrx_word' id='word_1_183' title='bbox 1116 1599 1151 1637; x_wconf 64' lang='grc' dir='ltr'>ἃ</span> <span class='ocrx_word' id='word_1_184' title='bbox 1172 1596 1279 1637; x_wconf 75' lang='lat' dir='ltr'>sudes</span> <span class='ocrx_word' id='word_1_185' title='bbox 1300 1597 1533 1646; x_wconf 81' lang='lat' dir='ltr'>incidissent,</span> 
     </span>
     <span class='ocr_line' id='line_1_24' title="bbox 248 1646 1531 1708; baseline 0.012 -24"><span class='ocrx_word' id='word_1_186' title='bbox 248 1646 319 1685; x_wconf 84' lang='lat' dir='ltr'>nifi</span> <span class='ocrx_word' id='word_1_187' title='bbox 349 1649 489 1687; x_wconf 88' lang='lat' dir='ltr'>moniti</span> <span class='ocrx_word' id='word_1_188' title='bbox 510 1648 557 1688; x_wconf 78' lang='lat' dir='ltr'>ab</span> <span class='ocrx_word' id='word_1_189' title='bbox 578 1653 785 1702; x_wconf 87' lang='lat' dir='ltr'>oppidanis</span> <span class='ocrx_word' id='word_1_190' title='bbox 800 1684 812 1701; x_wconf 89' lang='lat'>‚</span> <span class='ocrx_word' id='word_1_191' title='bbox 844 1657 879 1694; x_wconf 71' lang='grc' dir='ltr'>δι</span> <span class='ocrx_word' id='word_1_192' title='bbox 901 1654 1017 1708; x_wconf 88' lang='lat' dir='ltr'>longo</span> <span class='ocrx_word' id='word_1_193' title='bbox 1050 1659 1187 1698; x_wconf 85' lang='lat' dir='ltr'>itinere</span> <span class='ocrx_word' id='word_1_194' title='bbox 1211 1659 1456 1699; x_wconf 51' lang='lat' dir='ltr'>circumducti</span> <span class='ocrx_word' id='word_1_195' title='bbox 1478 1660 1531 1700; x_wconf 82' lang='lat' dir='ltr'>ad</span> 
     </span>
     <span class='ocr_line' id='line_1_25' title="bbox 247 1709 576 1758; baseline 0.015 -13"><span class='ocrx_word' id='word_1_196' title='bbox 247 1716 409 1758; x_wconf 83' lang='lat' dir='ltr'>portum</span> <span class='ocrx_word' id='word_1_197' title='bbox 436 1709 576 1750; x_wconf 88' lang='lat' dir='ltr'>forent.</span> 
     </span>
    </p>

    <p class='ocr_par' dir='ltr' id='par_1_4' title="bbox 243 1771 1532 2328">
     <span class='ocr_line' id='line_1_26' title="bbox 304 1771 1532 1832; baseline 0.008 -21"><span class='ocrx_word' id='word_1_198' title='bbox 304 1771 487 1812; x_wconf 88' lang='lat' dir='ltr'>LXXIV.</span> <span class='ocrx_word' id='word_1_199' title='bbox 517 1773 575 1813; x_wconf 84' lang='lat' dir='ltr'>Ibi</span> <span class='ocrx_word' id='word_1_200' title='bbox 603 1775 696 1814; x_wconf 83' lang='lat' dir='ltr'>duas</span> <span class='ocrx_word' id='word_1_201' title='bbox 719 1776 848 1815; x_wconf 85' lang='lat' dir='ltr'>adhuc</span> <span class='ocrx_word' id='word_1_202' title='bbox 869 1792 1003 1829; x_wconf 84' lang='lat' dir='ltr'>naves,</span> <span class='ocrx_word' id='word_1_203' title='bbox 1031 1794 1121 1820; x_wconf 84' lang='lat' dir='ltr'>cum</span> <span class='ocrx_word' id='word_1_204' title='bbox 1145 1781 1324 1821; x_wconf 71' lang='lat' dir='ltr'>militibus</span> <span class='ocrx_word' id='word_1_205' title='bbox 1339 1811 1351 1828; x_wconf 94' lang='lat'>,</span> <span class='ocrx_word' id='word_1_206' title='bbox 1370 1782 1433 1832; x_wconf 90' lang='lat' dir='ltr'>qui</span> <span class='ocrx_word' id='word_1_207' title='bbox 1450 1782 1532 1821; x_wconf 89' lang='lat' dir='ltr'>ine-</span> 
     </span>
     <span class='ocr_line' id='line_1_27' title="bbox 245 1833 1530 1892; baseline 0.01 -24"><span class='ocrx_word' id='word_1_208' title='bbox 245 1838 356 1878; x_wconf 76' lang='lat' dir='ltr'>rant,</span> <span class='ocrx_word' id='word_1_209' title='bbox 381 1833 431 1871; x_wconf 92' lang='lat' dir='ltr'>ad</span> <span class='ocrx_word' id='word_1_210' title='bbox 456 1833 598 1874; x_wconf 87' lang='lat' dir='ltr'>molem</span> <span class='ocrx_word' id='word_1_211' title='bbox 627 1836 778 1877; x_wconf 76' lang='lat' dir='ltr'>Caesaris</span> <span class='ocrx_word' id='word_1_212' title='bbox 804 1837 987 1880; x_wconf 77' lang='lat' dir='ltr'>haerentes</span> <span class='ocrx_word' id='word_1_213' title='bbox 1011 1841 1185 1882; x_wconf 86' lang='lat' dir='ltr'>lintribus</span> <span class='ocrx_word' id='word_1_214' title='bbox 1210 1841 1432 1892; x_wconf 81' lang='lat' dir='ltr'>scaphisque</span> <span class='ocrx_word' id='word_1_215' title='bbox 1456 1845 1530 1881; x_wconf 86' lang='lat' dir='ltr'>cir-</span> 
     </span>
     <span class='ocr_line' id='line_1_28' title="bbox 246 1896 1527 1948; baseline 0.009 -17"><span class='ocrx_word' id='word_1_216' title='bbox 246 1903 555 1943; x_wconf 82' lang='lat' dir='ltr'>cumvenerunt3</span> <span class='ocrx_word' id='word_1_217' title='bbox 585 1896 805 1948; x_wconf 51' lang='lat' dir='ltr'>injectisque</span> <span class='ocrx_word' id='word_1_218' title='bbox 840 1900 972 1940; x_wconf 89' lang='lat' dir='ltr'>ferreis</span> <span class='ocrx_word' id='word_1_219' title='bbox 1009 1903 1182 1942; x_wconf 86' lang='lat' dir='ltr'>manibus</span> <span class='ocrx_word' id='word_1_220' title='bbox 1214 1913 1448 1943; x_wconf 77' lang='lat' dir='ltr'>retraxerunt</span> <span class='ocrx_word' id='word_1_221' title='bbox 1476 1905 1527 1944; x_wconf 82' lang='lat' dir='ltr'>ad.</span> 
     </span>
     <span class='ocr_line' id='line_1_29' title="bbox 246 1951 1528 2017; baseline 0.011 -24"><span class='ocrx_word' id='word_1_222' title='bbox 246 1951 366 2001; x_wconf 80' lang='lat' dir='ltr'>litus,</span> <span class='ocrx_word' id='word_1_223' title='bbox 397 1958 697 2006; x_wconf 81' lang='lat' dir='ltr'>repugnantibus</span> <span class='ocrx_word' id='word_1_224' title='bbox 730 1959 876 2011; x_wconf 84' lang='lat' dir='ltr'>aliquot</span> <span class='ocrx_word' id='word_1_225' title='bbox 901 1965 1114 2004; x_wconf 74' lang='lat' dir='ltr'>interfeffis.</span> <span class='ocrx_word' id='word_1_226' title='bbox 1150 1967 1212 2006; x_wconf 87' lang='lat' dir='ltr'>Sic</span> <span class='ocrx_word' id='word_1_227' title='bbox 1235 1967 1412 2017; x_wconf 80' lang='lat' dir='ltr'>expulsus</span> <span class='ocrx_word' id='word_1_228' title='bbox 1445 1967 1528 2007; x_wconf 89' lang='lat' dir='ltr'>Ita-</span> 
     </span>
     <span class='ocr_line' id='line_1_30' title="bbox 246 2014 1528 2080; baseline 0.012 -25"><span class='ocrx_word' id='word_1_229' title='bbox 246 2014 300 2055; x_wconf 80' lang='lat' dir='ltr'>lia</span> <span class='ocrx_word' id='word_1_230' title='bbox 337 2017 566 2068; x_wconf 83' lang='lat' dir='ltr'>Pompejus,</span> <span class='ocrx_word' id='word_1_231' title='bbox 598 2035 676 2060; x_wconf 89' lang='lat' dir='ltr'>non</span> <span class='ocrx_word' id='word_1_232' title='bbox 706 2025 824 2063; x_wconf 86' lang='lat' dir='ltr'>modo</span> <span class='ocrx_word' id='word_1_233' title='bbox 855 2027 1152 2077; x_wconf 83' lang='lat' dir='ltr'>rempublicam,</span> <span class='ocrx_word' id='word_1_234' title='bbox 1172 2028 1235 2068; x_wconf 87' lang='lat' dir='ltr'>sed</span> <span class='ocrx_word' id='word_1_235' title='bbox 1260 2043 1414 2069; x_wconf 81' lang='lat' dir='ltr'>omnem</span> <span class='ocrx_word' id='word_1_236' title='bbox 1444 2030 1528 2080; x_wconf 71' lang='lat' dir='ltr'>glo-</span> 
     </span>
     <span class='ocr_line' id='line_1_31' title="bbox 244 2080 1526 2143; baseline 0.012 -27"><span class='ocrx_word' id='word_1_237' title='bbox 244 2080 342 2118; x_wconf 76' lang='lat' dir='ltr'>riam</span> <span class='ocrx_word' id='word_1_238' title='bbox 374 2081 506 2129; x_wconf 79' lang='lat' dir='ltr'>suam,</span> <span class='ocrx_word' id='word_1_239' title='bbox 542 2097 696 2124; x_wconf 86' lang='lat' dir='ltr'>omnem</span> <span class='ocrx_word' id='word_1_240' title='bbox 732 2087 909 2129; x_wconf 87' lang='lat' dir='ltr'>virtutem</span> <span class='ocrx_word' id='word_1_241' title='bbox 941 2089 1165 2140; x_wconf 78' lang='lat' dir='ltr'>perdidisse,</span> <span class='ocrx_word' id='word_1_242' title='bbox 1191 2091 1386 2142; x_wconf 59' lang='lat' dir='ltr'>factusque</span> <span class='ocrx_word' id='word_1_243' title='bbox 1412 2093 1526 2143; x_wconf 86' lang='lat' dir='ltr'>plane</span> 
     </span>
     <span class='ocr_line' id='line_1_32' title="bbox 244 2139 1526 2199; baseline 0.013 -22"><span class='ocrx_word' id='word_1_244' title='bbox 244 2139 341 2178; x_wconf 79' lang='lat' dir='ltr'>alius</span> <span class='ocrx_word' id='word_1_245' title='bbox 374 2142 448 2180; x_wconf 77' lang='lat' dir='ltr'>esse</span> <span class='ocrx_word' id='word_1_246' title='bbox 480 2144 705 2194; x_wconf 86' lang='lat' dir='ltr'>videbatur,</span> <span class='ocrx_word' id='word_1_247' title='bbox 732 2149 883 2197; x_wconf 82' lang='lat' dir='ltr'>pristina</span> <span class='ocrx_word' id='word_1_248' title='bbox 912 2154 990 2199; x_wconf 82' lang='lat' dir='ltr'>ejus</span> <span class='ocrx_word' id='word_1_249' title='bbox 1020 2150 1117 2190; x_wconf 61' lang='lat' dir='ltr'>faeta</span> <span class='ocrx_word' id='word_1_250' title='bbox 1157 2163 1245 2192; x_wconf 88' lang='lat' dir='ltr'>cum</span> <span class='ocrx_word' id='word_1_251' title='bbox 1275 2152 1350 2192; x_wconf 87' lang='lat' dir='ltr'>hoc</span> <span class='ocrx_word' id='word_1_252' title='bbox 1379 2155 1526 2195; x_wconf 83' lang='lat' dir='ltr'>recenti</span> 
     </span>
     <span class='ocr_line' id='line_1_33' title="bbox 245 2205 1527 2265; baseline 0.01 -24"><span class='ocrx_word' id='word_1_253' title='bbox 245 2205 574 2253; x_wconf 77' lang='lat' dir='ltr'>comparantibus.</span> <span class='ocrx_word' id='word_1_254' title='bbox 600 2208 743 2249; x_wconf 84' lang='lat' dir='ltr'>Urbem</span> <span class='ocrx_word' id='word_1_255' title='bbox 758 2240 768 2258; x_wconf 92' lang='lat'>,</span> <span class='ocrx_word' id='word_1_256' title='bbox 796 2224 909 2260; x_wconf 83' lang='lat' dir='ltr'>quam</span> <span class='ocrx_word' id='word_1_257' title='bbox 929 2212 1084 2252; x_wconf 79' lang='lat' dir='ltr'>defendi</span> <span class='ocrx_word' id='word_1_258' title='bbox 1115 2215 1234 2252; x_wconf 85' lang='lat' dir='ltr'>totius</span> <span class='ocrx_word' id='word_1_259' title='bbox 1256 2215 1403 2264; x_wconf 87' lang='lat' dir='ltr'>imperii</span> <span class='ocrx_word' id='word_1_260' title='bbox 1425 2217 1527 2265; x_wconf 88' lang='lat' dir='ltr'>peri-</span> 
     </span>
     <span class='ocr_line' id='line_1_34' title="bbox 243 2262 1526 2328; baseline 0.012 -27"><span class='ocrx_word' id='word_1_261' title='bbox 243 2262 335 2302; x_wconf 90' lang='lat' dir='ltr'>culo</span> <span class='ocrx_word' id='word_1_262' title='bbox 355 2267 498 2315; x_wconf 83' lang='lat' dir='ltr'>aequius</span> <span class='ocrx_word' id='word_1_263' title='bbox 521 2276 599 2307; x_wconf 78' lang='lat' dir='ltr'>erat</span> <span class='ocrx_word' id='word_1_264' title='bbox 614 2300 627 2319; x_wconf 92' lang='lat'>,</span> <span class='ocrx_word' id='word_1_265' title='bbox 649 2271 863 2313; x_wconf 82' lang='lat' dir='ltr'>adversario</span> <span class='ocrx_word' id='word_1_266' title='bbox 886 2273 1108 2326; x_wconf 80' lang='lat' dir='ltr'>reliquerat,</span> <span class='ocrx_word' id='word_1_267' title='bbox 1129 2277 1290 2327; x_wconf 81' lang='lat' dir='ltr'>pecunia</span> <span class='ocrx_word' id='word_1_268' title='bbox 1321 2278 1496 2317; x_wconf 80' lang='lat' dir='ltr'>refertam</span> <span class='ocrx_word' id='word_1_269' title='bbox 1513 2309 1526 2328; x_wconf 85' lang='lat'>,</span> 
     </span>
    </p>
   </div>
   <div class='ocr_carea' id='block_1_4' title="bbox 246 2394 1524 2501">
    <p class='ocr_par' dir='ltr' id='par_1_5' title="bbox 246 2394 1524 2501">
     <span class='ocr_line' id='line_1_35' title="bbox 299 2394 1524 2454; baseline 0.017 -26"><span class='ocrx_word' id='word_1_270' title='bbox 299 2394 321 2438; x_wconf 82' lang='lat'><em>§</em></span> <span class='ocrx_word' id='word_1_271' title='bbox 351 2394 483 2429; x_wconf 76' lang='lat' dir='ltr'>LXXII.</span> <span class='ocrx_word' id='word_1_272' title='bbox 512 2398 600 2433; x_wconf 85' lang='lat' dir='ltr'>Plut.</span> <span class='ocrx_word' id='word_1_273' title='bbox 638 2402 711 2435; x_wconf 85' lang='lat' dir='ltr'>Cic.</span> <span class='ocrx_word' id='word_1_274' title='bbox 738 2405 778 2437; x_wconf 83' lang='lat' dir='ltr'>ad</span> <span class='ocrx_word' id='word_1_275' title='bbox 811 2406 913 2438; x_wconf 70' lang='lat' dir='ltr'>Attic.</span> <span class='ocrx_word' id='word_1_276' title='bbox 945 2406 989 2449; x_wconf 70' lang='lat'>6,</span> <span class='ocrx_word' id='word_1_277' title='bbox 1017 2418 1068 2443; x_wconf 74' lang='grc' dir='ltr'>ιι.</span> <span class='ocrx_word' id='word_1_278' title='bbox 1102 2408 1183 2442; x_wconf 85' lang='lat' dir='ltr'>Dio.</span> <span class='ocrx_word' id='word_1_279' title='bbox 1212 2409 1234 2454; x_wconf 84' lang='lat'>§</span> <span class='ocrx_word' id='word_1_280' title='bbox 1261 2411 1411 2447; x_wconf 81' lang='lat' dir='ltr'>LXXIII.</span> <span class='ocrx_word' id='word_1_281' title='bbox 1446 2413 1524 2449; x_wconf 64' lang='lat' dir='ltr'>Liv.</span> 
     </span>
     <span class='ocr_line' id='line_1_36' title="bbox 246 2447 765 2501; baseline 0.021 -22"><span class='ocrx_word' id='word_1_282' title='bbox 246 2447 340 2491; x_wconf 72' lang='lat' dir='ltr'>Epic.</span> <span class='ocrx_word' id='word_1_283' title='bbox 373 2449 448 2489; x_wconf 49' lang='lat' dir='ltr'>cic,</span> <span class='ocrx_word' id='word_1_284' title='bbox 466 2452 506 2485; x_wconf 81' lang='lat' dir='ltr'>ad</span> <span class='ocrx_word' id='word_1_285' title='bbox 527 2454 638 2491; x_wconf 76' lang='lat' dir='ltr'>Attic.</span> <span class='ocrx_word' id='word_1_286' title='bbox 668 2456 706 2498; x_wconf 77' lang='lat'>8,</span> <span class='ocrx_word' id='word_1_287' title='bbox 729 2467 765 2501; x_wconf 69' lang='grc' dir='ltr'>ῑ.</span> 
     </span>
    </p>
   </div>
  </div>
 </body>
</html>
