1675 2959
309 166 409 224 ’394
472 159 574 206 JO.
611 158 1124 206 FREINSHEMII
1161 114 1512 206 stiPPLEM.

310 279 405 306 nem
436 267 563 315 mint,
596 266 753 305 demisse
783 274 940 315 petens,
968 278 1007 303 ut
1027 267 1097 316 fibi
1121 279 1230 304 tutum
1265 267 1362 318 apud
1387 280 1492 318 regem
1514 278 1593 317 per-

303 329 447 383 ficgium
467 331 555 383 effer.
573 329 679 380 Ipse,
694 329 786 367 dum
800 337 945 366 tutores
970 329 1075 376 pueri
1099 331 1233 368 coarto
1251 328 1405 368 conlilio
1431 329 1478 367 de
1498 341 1593 378 prae-

305 389 478 430 sentibus
507 390 741 436 deliberant,
775 389 814 427 in
848 390 935 427 navi
966 388 1147 428 sollicitus
1175 390 1468 441 opperiebatur,
1498 389 1592 439 quid

307 450 360 490 de
379 450 417 490 se
442 450 626 490 Pothinus
650 449 770 498 spado
798 447 865 501 (hi
887 457 995 488 erant
1011 450 1136 499 capita
1159 452 1312 504 rerum)
1333 453 1368 490 &
1393 450 1592 500 IEgyptius

305 506 476 551 Achillas
489 512 551 559 ‚-&
572 518 786 560 praeceptor
807 511 914 559 pueri
939 508 1167 550 Theodotus
1187 511 1336 549 Samius
1363 511 1592 551 decressent:

303 574 484 624 princeps
511 573 680 612 Romani
702 572 890 621 nominis,
931 575 967 612 δε
992 574 1056 623 qui
1083 573 1274 612 beneficio
1301 573 1453 613 Caesaris
1472 574 1594 614 serva-

303 637 337 676 ri
361 635 541 682 miserum
565 637 601 675 &
625 635 800 674 deforme
822 635 1060 676 existimaret.
1088 636 1187 675 Cum
1204 635 1285 674 aliis
1304 636 1594 686 recipiendum,

304 695 391 736 aliis
415 706 548 736 contra
574 696 795 744 videretur3
825 695 1054 739 Theodotus
1078 696 1176 735 forte
1202 695 1360 746 cupiens
1396 696 1593 735 ostendere

304 758 592 811 facundiam,(
613 767 694 797 erat
709 759 811 797 enim
831 758 1062 808 professione
1075 757 1233 811 rhetor)
1256 770 1408 796 neutrum
1422 759 1597 810 confilium

299 819 442 873 fizlubre
474 821 534 873 effe
563 819 899 861 differuitraltera
923 821 1102 874 fintentia
1124 822 1297 858 dominum
1333 822 1526 873 AEgypto‚
1560 822 1597 859 6·

305 881 431 920 bellum
464 897 538 920 curn
567 884 697 936 Ccesare
724 883 857 934 recipi,·
885 883 998 921 altera
1027 882 1153 934 offindi
1177 881 1407 934 Pompejum‚
1432 897 1492 921 nec
1511 882 1597 920 iniri

303 945 459 998 gratiam
485 946 531 982 ab
563 945 707 997 Caefizre.
736 944 828 982 nihil
853 946 999 992 melius,
1024 959 1127 997 quam
1151 957 1254 984 morte
1279 945 1348 983 viri
1372 944 1597 997 formidinem

306 1009 352 1048 ab
383 1009 459 1061 ipsb
487 1008 630 1056 tollere,
660 1008 832 1059 simulque
863 1008 1022 1045 demereri
1058 1022 1130 1046 eum
1147 1036 1158 1055 ‚
1190 1007 1248 1060 qui
1283 1021 1391 1044 rerum
1418 1008 1598 1061 potiretur.

306 1071 497 1120 Adjecisse
521 1073 557 1111 δε
580 1071 787 1124 proverbio
803 1073 985 1121 jactatam
1005 1083 1141 1111 vocem
1167 1072 1306 1111 dicitur
1320 1102 1332 1120 ‚
1354 1084 1506 1110 mortuos
1526 1085 1597 1110 non

307 1136 469 1173 mordere.

363 1197 450 1237 XV.
476 1197 569 1237 Haec
590 1195 656 1236 ubi
683 1196 863 1247 placuere
887 1195 1094 1243 omnibus,
1117 1193 1273 1234 Achillae
1296 1194 1495 1244 negotium
1516 1206 1599 1244 per-

306 1257 499 1305 mittitur,
523 1257 674 1297 homini
700 1256 895 1308 singularis
917 1257 1102 1297 audaciae.
1131 1265 1243 1306 atque
1269 1257 1300 1295 is
1326 1269 1416 1294 cum
1442 1254 1598 1305 parvula

307 1317 489 1358 navicula
515 1319 565 1358 ad
595 1319 824 1369 Pompejum
849 1319 1025 1365 accedit,
1059 1318 1144 1356 litus
1174 1318 1378 1365 excusans,
1413 1319 1508 1369 quod
1535 1332 1600 1354 va-

307 1381 431 1433 dofimz
457 1382 492 1420 δ’
514 1382 663 1431 infidum
689 1381 821 1431 majora
846 1382 992 1433 navigia
1018 1396 1088 1427 non
1105 1393 1291 1434 pateretur.
1324 1381 1489 1421 Minime
1517 1379 1599 1430 pla-

306 1441 423 1481 cebat
449 1455 492 1481 ea
518 1456 576 1482 res
603 1443 763 1490 amicis,
797 1442 860 1493 qui
890 1443 991 1493 prius
1019 1442 1316 1492 exspectarent,
1346 1451 1389 1481 ut
1420 1442 1499 1492 ipse
1532 1455 1599 1482 rex

309 1516 402 1544 cum
434 1504 565 1544 illustri
593 1505 781 1548 comitatu
808 1505 1035 1556 procederet
1057 1504 1238 1552 obviam3
1269 1506 1304 1544 Sc
1337 1504 1415 1555 ipse
1439 1506 1601 1554 Pompe-

311 1568 375 1616 jus
410 1566 634 1617 praesagium
664 1569 780 1607 animi
805 1568 1024 1619 Sophocleo
1052 1568 1222 1606 carmine
1247 1567 1466 1615 fatebatur,
1493 1568 1599 1617 quod

306 1644 354 1668 ex
382 1629 503 1667 liberis
519 1632 642 1683 Jbrvos
655 1631 735 1681 fieri
762 1631 858 1669 dicit
876 1661 888 1679 ‚
919 1642 1081 1682 quotquot
1105 1641 1333 1680 tyrannorum
1362 1630 1513 1667 adierint
1536 1631 1600 1667 do-

307 1704 394 1730 mos.
430 1691 527 1731 Cum
561 1691 637 1730 hoc
671 1692 775 1732 dioto
808 1692 1005 1731 descendit
1038 1693 1078 1729 in
1104 1691 1348 1739 naviculam,
1386 1703 1475 1730 cum
1502 1691 1601 1730 duo-

310 1750 384 1791 bus
405 1763 558 1794 tantum
578 1755 869 1795 centurionibus
886 1788 898 1803 ,
929 1754 1232 1804 libertorumque
1251 1756 1284 1794 5:
1312 1753 1506 1792 servorum
1531 1753 1601 1792 lin-

311 1814 439 1865 gulis;
475 1816 542 1855 ubi
571 1817 776 1867 conspec‘to
816 1817 855 1858 L.
883 1817 1099 1867 Septimio,
1139 1816 1203 1864 qui
1233 1814 1334 1854 bello
1373 1815 1600 1865 praedonum

310 1877 420 1926 apud
445 1876 480 1915 se
516 1878 690 1918 ordinem
717 1880 902 1927 duxerat,
930 1879 1070 1918 deinde
1100 1890 1189 1916 cum
1215 1878 1378 1918 Gabinio
1406 1876 1600 1928 profecrus

310 1938 609 1988 Alexandriam,
632 1940 827 1980 tribunum
852 1941 1017 1980 militum
1047 1940 1207 1989 agebat;
1244 1942 1290 1978 Te
1315 1940 1448 1991 quidem
1466 1940 1600 1985 hercle,

312 2002 461 2053 inquit,
480 2004 586 2053 novi,
610 2005 818 2043 commilito!
843 2006 967 2054 Atque
993 2003 1171 2052 ispnullo
1196 2002 1374 2053 responso
1398 2003 1511 2050 dato,
1540 2014 1602 2041 ca-

313 2064 396 2114 pite
419 2074 568 2104 tantum
591 2066 736 2104 annuit.

370 2127 473 2168 XVI.
498 2128 601 2167 lnter
627 2128 710 2168 haec
738 2127 1073 2179 appropinquabat
1089 2127 1219 2174 litori,
1249 2128 1285 2167 Sc
1309 2132 1435 2165 motus
1461 2125 1498 2163 in
1523 2132 1599 2162 ter-

313 2201 357 2228 ra
380 2191 597 2237 exercitus,
618 2190 900 2241 conspeeaque
926 2193 962 2228 in
983 2191 1136 2240 agmine
1157 2188 1254 2238 regis
1278 2199 1467 2238 purpura,
1489 2185 1598 2235 spem

316 2251 501 2292 Corneiiae
529 2252 738 2301 ceterisque
767 2253 883 2291 dabat
919 2252 1082 2302 benigne
1109 2260 1304 2299 receptum
1333 2248 1405 2287 iri:
1435 2258 1523 2285 cum
1545 2245 1599 2284 as-

313 2314 532 2365 surgentem
561 2329 583 2354 a
613 2315 654 2356 L.
680 2315 867 2366 Septimio
892 2316 1080 2366 primum,
1102 2313 1242 2352 deinde
1267 2311 1313 2350 ab
1342 2309 1490 2350 Achilla
1515 2322 1600 2360 per-

360 2439 381 2480 §
407 2440 500 2472 XIV.
536 2441 680 2482 Appian.
711 2440 798 2472 Plut.
830 2440 921 2473 flor.
947 2439 1026 2473 Liv.
1057 2440 1148 2483 Epir.
1172 2438 1296 2478 Vellei.
1325 2446 1365 2477 2,
1390 2445 1440 2481 53.
1471 2434 1493 2479 S
1522 2434 1601 2467 XV<

313 2483 405 2517 Caes.
429 2484 508 2517 Dio.
531 2485 619 2517 l’lut.
635 2485 783 2530 Appian-
