1675 2959
342 125 425 172 IN
463 124 634 172 LOC.
680 124 818 172 LIB.
851 123 912 172 CI
954 127 1105 174 LIV.
1334 144 1390 194 33

114 230 243 270 dendo
272 229 535 279 Mithridates,
567 231 803 282 insequendo
839 233 1032 281 Romani,
1071 233 1119 272 ad
1148 232 1243 273 fines
1263 234 1397 285 Tigra.

113 293 173 330 nis
193 292 309 343 usque
331 292 601 342 processerunt.
624 294 759 343 Neque
784 293 886 331 'enim
910 293 1051 344 cupido
1071 295 1272 344 pugnandi
1285 295 1397 336 Pom-

112 355 229 402 pejo‚
257 360 324 392 aut
356 354 437 392 dies
469 356 674 404 opportuni
704 363 840 403 erant,
867 356 972 404 quod
999 355 1122 394 castris
1146 355 1396 399 Mithridates

110 422 195 453 tum
225 415 261 454 se
286 416 532 465 continebat,
562 425 630 456 aut
656 418 806 464 nostes,
840 418 946 468 quod
973 417 1013 456 in
1044 417 1138 457 locis
1168 418 1310 470 ignotis
1338 430 1395 461 te.

109 477 314 516 merarium
338 478 541 517 videbatur
561 479 659 517 inter
680 478 856 518 tenebras
882 480 1101 529 confligere.
1130 481 1204 521 Sed
1224 481 1290 520 ubi
1305 496 1398 523 ven„

108 542 192 575 tum
223 537 272 576 ad
300 538 535 588 Euphratem
560 538 637 586 est,
666 552 780 589 quem
809 539 835 578 fi
865 540 1122 579 transmittere
1148 542 1397 584 Mithridates

109 599 351 650 occupaffet,
385 601 595 652 effugerat;
625 614 704 640 non
733 603 877 641 diutius
912 604 1172 643 cunetandum
1196 613 1299 644 ratus
1321 607 1397 647 im-

107 672 283 711 perator,
306 663 358 701 ita
384 662 422 701 se
443 664 730 714 exercitumque
751 664 918 713 paravit,
941 673 986 702 ut
1012 666 1186 714 proxima
1206 669 1321 706 noste
1341 667 1398 706 di-

107 723 280 763 micaret.
312 726 491 764 Armenia
524 726 650 765 minor
686 734 792 774 erat,
828 738 895 776 per
932 738 1047 775 quam
1080 726 1235 767 ibatur:
1269 741 1396 778 neque

106 780 224 833 longe
251 783 414 823 distabat
447 785 595 833 amnis,
632 786 819 824 terminus
856 784 971 834 hujus
1003 788 1038 826 δε
1073 785 1228 827 alterius
1261 790 1398 845 Arme-

107 843 202 890 niae,
227 844 288 882 cui
311 844 494 894 Tigranes
518 844 742 894 imperabat.

160 905 209 945 II.
246 905 365 956 Igitur
393 906 679 956 quiescentibus
702 906 770 945 sub
799 906 1000 945 meridiem
1029 906 1197 949 barbaris
1214 941 1225 958 ,
1251 911 1396 953 Roma„

103 977 176 1003 nus
202 967 349 1005 silentio
379 968 505 1006 castris
531 967 693 1016 egressus
730 969 935 1007 antevertit
961 968 1107 1008 hostem
1124 999 1136 1018 ,
1177 973 1213 1010 Sc
1240 974 1277 1011 in
1310 976 1393 1025 via,

104 1036 180 1073 qua
210 1024 483 1065 transeundum
515 1026 625 1076 regiis
649 1034 751 1074 erat,
775 1025 908 1065 locum
936 1027 1137 1068 editiorem
1163 1036 1396 1084 occupavit,

103 1095 147 1126 ut
178 1088 316 1136 majori
345 1087 498 1138 impetu
533 1088 575 1126 in
609 1085 800 1132 subjectos
835 1088 1062 1129 decurreret.
1110 1093 1397 1146 Noctetcoepta

101 1145 253 1185 barbari
279 1156 326 1183 ex
353 1144 481 1193 priore
505 1145 675 1182 instituto
704 1149 902 1193 capeffunt
930 1150 1026 1186 iter:
1064 1151 1163 1189 adeo
1183 1154 1265 1200 jam
1294 1156 1400 1197 solu-

101 1206 133 1244 ti
160 1217 248 1243 cura
263 1234 274 1251 ,
302 1204 407 1252 quod
430 1205 480 1241 ad
499 1204 587 1244 loca
607 1214 689 1245 tuta
714 1215 942 1256 perventum
968 1210 1181 1252 credebant
1198 1244 1208 1262 ‚
1230 1223 1274 1254 ut
1294 1216 1396 1256 nulli

101 1264 359 1317 speculatores
391 1264 653 1314 praecederent
683 1277 835 1314 agmen.
871 1270 1023 1309 Idcirco
1046 1275 1150 1320 prius
1179 1276 1394 1323 subjeetam

104 1327 280 1378 Pompeji
305 1327 429 1366 castris
456 1326 596 1365 vallem
630 1327 811 1377 ingreffi‚
848 1341 964 1378 quam
988 1328 1138 1371 hostem
1165 1336 1291 1372 adesse
1317 1350 1397 1386 pu-

103 1397 250 1435 tarent,
282 1389 329 1428 ad
363 1388 528 1428 subitam
556 1389 848 1428 dimicationem
874 1389 962 1428 sunt
987 1393 1124 1432 coacti.
1161 1394 1328 1445 Magnus
1356 1400 1396 1438 &

102 1449 306 1501 multiplex
337 1451 369 1488 is
399 1462 517 1488 terror
539 1449 639 1498 fuit,
671 1451 708 1489 Sc
737 1450 814 1489 astu
840 1451 1017 1501 Pompeji
1044 1452 1092 1491 de
1117 1453 1301 1496 industria
1329 1471 1396 1497 au.

103 1514 197 1552 dtus.
236 1512 406 1552 Primum
429 1513 533 1551 enim
561 1523 695 1552 omnes
729 1511 837 1552 fimul
873 1513 1064 1553 tubicines
1102 1515 1298 1559 clafficum
1330 1533 1395 1561 ca-

99 1581 193 1612 ‘nere
214 1573 323 1621 juffi:
353 1585 441 1613 eum
466 1573 685 1623 clangorem
709 1572 877 1613 militum
908 1574 1153 1627 lixarumque
1181 1582 1392 1623 acerrimus

103 1635 250 1673 clamor
288 1635 471 1683 excepit,
505 1633 772 1685 hastarumque
809 1634 953 1674 sonitus
986 1637 1034 1674 ad
1071 1635 1229 1688 clypeos
1261 1641 1395 1681 allisa-

99 1708 207 1744 sum,
231 1697 268 1736 δι
291 1708 405 1745 quem
428 1695 586 1734 inermis
607 1697 741 1743 turba,
766 1695 862 1736 saxis
882 1710 976 1737 aerea
992 1698 1077 1738 vasa
1093 1699 1267 1749 pulsans,
1286 1702 1392 1744 haud

102 1760 231 1797 minus
268 1756 476 1796 terribilem
506 1757 662 1796 auribus
696 1757 836 1799 ciebat.
875 1772 995 1809 eaque
1027 1762 1161 1801 omnia
1194 1765 1392 1807 montium

100 1819 315 1871 repercussu
351 1821 390 1859 in
416 1822 541 1870 majus
565 1820 818 1872 augebantur.

155 1881 227 1921 ΙΙΙ.
250 1881 340 1921 Hoc
363 1883 568 1932 repentino
592 1882 763 1922 tumultu
778 1886 1065 1934 propemodum
1088 1887 1300 1930 debellatos
1319 1891 1390 1932 ho„

101 1942 174 1982 stes
199 1944 306 1981 omni
329 1955 377 1982 ex
400 1951 507 1993 parte
522 1943 718 1983 Romanus
743 1944 895 1996 invasit,
916 1945 1067 1997 lapides
1089 1948 1317 2002 sagittasque
1344 1956 1384 1994 ἃς

98 2003 197 2054 pila,
224 2004 396 2054 quamvis
423 2017 491 2054 per
519 2005 653 2044 densas
685 2005 860 2045 tenebras
877 2038 887 2056 ‚
918 2006 1023 2048 haud
1042 2011 1149 2049 vanis
1177 2012 1317 2051 ictibus
1343 2021 1388 2053 ut

98 2067 141 2105 in
167 2074 312 2105 tantam
333 2065 619 2106 multitudinem
642 2067 841 2116 jaculatus.
879 2070 1033 2110 Barbari
1057 2072 1176 2123 longo
1204 2076 1239 2114 ὃς
1262 2076 1383 2116 mixto

98 2127 273 2178 agmine,
296 2128 402 2177 quod
427 2128 474 2167 ad
497 2128 589 2176 iter,
613 2141 693 2168 non
715 2130 764 2169 ad
782 2131 961 2181 proelium
976 2163 988 2179 ‚
1003 2142 1111 2172 erant
1126 2135 1281 2185 egreffi,
1301 2151 1384 2176 mun

97 2196 168 2228 tuo
189 2189 529 2244 seimpediebant:
561 2191 658 2230 inter
677 2194 866 2243 angustias
887 2194 1063 2244 locorum
1083 2198 1190 2247 equis
1214 2198 1389 2237 camelis-

98 2266 173 2304 que
190 2255 224 2294 ἃ
243 2254 428 2294 vehiculis
440 2286 452 2304 ‚
467 2267 550 2306 quae
572 2255 750 2297 mulieres
772 2259 1001 2309 portabant,
1018 2268 1183 2300 armatos
1200 2262 1385 2301 turbanti,

146 2365 166 2405 ,Ε
192 2363 218 2396 Ῑ.
244 2364 388 2398 Ὀὶοάὸτ.
407 2365 554 2408 Appian.
575 2365 668 2402 Plut.
693 2367 869 2414 inPomp.
891 2382 921 2403 c.
950 2381 1002 2413 52.
1026 2368 1109 2415 511.
1135 2371 1277 2416 Eutrop.
1302 2372 1383 2417 Ρῐος

100 2412 176 2442 lem.
200 2408 340 2442 Diodor.
366 2410 481 2442 From.
505 2422 516 2443 1
532 2436 541 2451 ,
562 2419 597 2450 7.

185 2464 236 2512 T.
263 2465 378 2512 Livii
411 2467 511 2512 Vol.
538 2466 609 2516 Χ.
1103 2466 1144 2511 C
