1675 2959
242 142 320 206 Ἰ,4ο
394 130 491 179 JO.
531 129 1039 177 FREINSHEMII
1079 129 1453 179 SUPPLEM.

258 251 376 288 quam
413 238 493 288 spei
520 237 717 288 respondit
746 246 915 276 eventus.
951 237 1031 287 ipse
1055 238 1277 289 profligatus
1308 251 1330 277 a
1358 236 1545 286 Metello,

256 311 310 338 ne
334 299 497 337 ducibus
528 299 687 348 quidem
718 297 793 336 suis
810 297 962 337 -melius
988 298 1129 338 ceffiffe
1149 308 1304 350 coepta,
1329 300 1430 339 triste
1448 312 1546 339 nun.

254 359 356 398 tium
383 360 541 409 accepit.
565 358 745 404 Flaccus,
768 360 956 408 majorem
975 359 1182 399 castromm
1202 360 1392 400 ambitum
1413 360 1546 400 defen-

253 419 300 459 su
324 421 526 460 difficilem
551 428 677 468 ratus,
709 420 870 459 interius
895 421 1182 461 munimentum
1206 422 1410 462 struxerat:
1440 423 1548 461 dein-

253 481 308 520 de
341 481 518 520 fimulato
550 489 684 527 metu,
717 483 900 524 attractos
934 481 1032 521 intra
1065 484 1171 532 prius
1211 482 1355 522 vallum
1391 482 1545 531 hostes,

253 542 381 583 subita
407 543 611 593 eruptione
641 542 858 590 ceciderat,
895 541 1026 582 multis
1050 543 1091 582 in
1118 542 1277 596 proelio,
1304 556 1426 594 neque
1455 556 1550 595 pau-

256 606 429 645 cioribus
452 607 494 644 in
517 604 608 655 fuga
622 635 634 653 ‚
657 604 887 645 interemtis.

310 669 424 710 XIX.
459 668 666 717 Pompejus
699 665 902 705 adversum
931 664 969 704 se
997 666 1193 707 venientes
1230 664 1386 705 obviam
1424 663 1545 716 egres-

255 729 342 778 sus,
366 743 412 769 eo
445 729 530 781 ipso
555 728 763 772 exterruit:
793 730 829 768 &
854 728 919 778 qui
941 728 1241 778 necopinantem
1266 728 1435 778 opprimi
1464 726 1549 778 pos-

256 792 300 831 se
327 791 595 843 speraverant,
626 792 664 829 in
700 789 778 829 hoc
811 790 1111 830 incommodum
1139 790 1204 841 ipsi
1241 790 1470 829 inciderunt.
1502 791 1550 829 At

255 852 349 903 ille,
374 854 458 904 post
484 853 585 893 hanc
613 853 812 892 victoriam
838 852 938 892 nihil
957 862 1148 902 moratus,
1181 852 1342 893 Oroesen
1365 853 1522 904 petebat
1544 866 1553 893 :

255 917 322 957 sed
354 917 534 957 barbarus
561 921 643 966 jam
681 923 933 966 praeverterat.
966 917 1114 966 magna
1144 926 1276 956 tamen
1312 915 1551 956 Albanorum

253 979 469 1019 multitudo
501 979 540 1017 in
572 978 726 1019 transitu
762 978 851 1030 Cyri
884 989 1072 1029 occupata
1099 987 1214 1029 atque
1248 980 1450 1019 interfecta
1485 979 1548 1019 est.

259 1042 438 1092 Oroeses,
464 1042 600 1093 legatis
622 1043 670 1082 ad
699 1044 971 1093 imperatorem
994 1040 1135 1088 mistis,
1157 1041 1310 1080 veniam
1335 1053 1552 1091 pacemque

255 1105 399 1156 petiit:
428 1118 552 1156 neque
583 1106 688 1144 enim
724 1104 780 1143 fas
809 1102 907 1152 effe,
941 1103 1077 1142 fratres
1103 1103 1269 1143 invicem
1306 1103 1449 1154 agitare
1478 1102 1552 1142 ho·

255 1165 364 1206 stilla.
392 1168 562 1207 Hercules
588 1167 691 1206 euim
708 1197 719 1214 ,
736 1180 811 1204 cum
833 1166 938 1203 boves
960 1164 1137 1216 Geryonis
1157 1179 1222 1216 per
1245 1165 1389 1203 Italiam
1415 1175 1550 1217 ageret,

257 1229 305 1266 ab
328 1229 478 1268 Albano
505 1241 617 1267 monte
644 1228 794 1282 majores
820 1240 933 1266 eorum
966 1228 1004 1264 in
1026 1241 1067 1265 ea
1089 1227 1169 1266 loca
1198 1226 1386 1278 traduxiff}
1421 1227 1553 1270 crede-

254 1289 382 1330 batur.
410 1290 756 1340 Quemadmodum
775 1291 811 1329 &
832 1290 949 1327 Iberos
969 1289 1013 1327 ab
1029 1288 1238 1341 Hispania,
1263 1301 1378 1339 quam
1402 1290 1549 1328 Iberiam

259 1353 382 1395 Graeci
412 1363 580 1401 vocant,
611 1352 856 1403 quantumvis
878 1352 1016 1402 ineptis
1043 1351 1185 1391 fabulis
1215 1351 1318 1399 laeti,
1344 1351 1452 1391 nullo
1479 1351 1550 1391 nisi

256 1413 429 1454 nominis
459 1422 713 1464 argumento,
741 1412 868 1467 veniffi2
897 1412 1147 1453 tradiderunt.
1181 1412 1303 1452 Dedit
1327 1421 1457 1451 tamen
1486 1411 1549 1452 Al-

259 1476 373 1515 banis
390 1477 540 1515 veniam
558 1477 788 1526 I'ompejus,
804 1488 886 1515 non
914 1485 994 1514 tarn
1017 1475 1255 1526 cognationis
1275 1474 1405 1522 causa,
1432 1488 1550 1526 quam
1609 1472 1617 1485 ⁸

259 1537 350 1589 quia
389 1549 457 1586 per
485 1541 638 1586 tempus
663 1536 778 1582 anni,
806 1548 939 1586 parum
968 1535 1070 1575 bello
1095 1537 1379 1583 commodum,
1403 1537 1550 1576 exerci-

258 1607 347 1640 tum
377 1599 503 1650 quiete
534 1598 637 1637 refici
665 1598 958 1638 convenientius
988 1598 1199 1647 judicabat.

315 1660 410 1701 XX.
441 1658 584 1700 lisdem
612 1659 879 1710 temporibus,
905 1660 999 1699 dum
1031 1660 1081 1698 ad
1109 1659 1310 1699 Orientem
1338 1672 1442 1699 arma
1472 1659 1554 1700 Ro.

257 1736 376 1764 mana
413 1723 727 1773 peregrinantur,
768 1722 985 1773 periculosa
1014 1722 1121 1764 domi
1155 1723 1369 1771 conjuratio
1395 1724 1553 1773 erupit,

257 1786 309 1826 ab
339 1784 486 1824 ambitu
509 1783 771 1824 consularium
797 1784 1045 1824 comitiorum
1078 1785 1262 1834 profesta.
1300 1786 1477 1835 Namque
1509 1785 1551 1825 L.

258 1847 448 1896 Catilina,
483 1860 571 1886 cum
597 1860 644 1886 ex
676 1856 836 1898 praetura
852 1847 1026 1886 Africam
1055 1846 1299 1895 obtinuisset,
1323 1848 1371 1886 ad
1397 1847 1552 1898 petitio-

257 1922 352 1950 nem
381 1908 597 1949 decesserat.
633 1910 723 1951 Seot
740 1909 828 1959 quia
862 1912 1024 1959 graviter
1057 1919 1256 1949 vexaverat
1283 1909 1546 1959 provinciam,

257 1970 339 2011 Afri
376 1970 490 2021 legati
529 1972 608 2018 jam
634 1980 716 2011 tum
750 1971 799 2009 de
836 1969 994 2009 absente
1020 1980 1129 2010 erant
1161 1969 1308 2021 questi,
1342 1969 1551 2020 multaeque

257 2046 391 2084 graves
418 2036 456 2073 in
487 2033 618 2074 senatu
648 2035 696 2073 de
721 2046 767 2074 eo
791 2032 987 2073 sententiae
1011 2034 1133 2074 dietae.
1166 2032 1377 2073 postulatus
1405 2033 1550 2072 deinde

259 2109 283 2136 a
312 2098 347 2137 P.
376 2096 542 2145 Clodio,
576 2110 655 2136 non
694 2098 823 2136 minus
857 2096 965 2136 foedo
999 2096 1182 2143 homine,
1212 2105 1344 2134 contin
1381 2096 1552 2136 testimo-

256 2159 368 2198 nium
393 2159 440 2207 Q.
464 2158 614 2198 Metelli
637 2159 715 2207 Pii,
750 2159 1062 2213 praevaricatione
1078 2189 1089 2206 ‚
1117 2170 1160 2196 ut
1183 2167 1364 2208 putatur,
1399 2157 1552 2197 accusa-

255 2221 374 2267 toris,
403 2220 455 2259 est
481 2219 676 2261 absolutus
701 2220 749 2259 ab
783 2219 979 2269 equitibus
1005 2221 1041 2260 δε
1071 2219 1232 2259 tribunis
1263 2220 1420 2267 aerariis,
1458 2230 1550 2258 cum

253 2280 475 2323 senatorum
502 2295 596 2322 urna
621 2281 883 2322 damnavisset.

303 2409 327 2451 ,Ε
352 2411 479 2443 XVIII.
502 2410 590 2443 Plut.
608 2409 753 2443 Diodor.
774 2410 795 2454 §
821 2410 914 2442 XIX.
934 2409 1054 2443 Just‘m.
1078 2421 1142 2450 42,
1166 2421 1194 2445 ς’.
1223 2410 1369 2453 Appiam.
1387 2409 1547 2441 Mithrid.

257 2455 282 2501 5
306 2456 380 2489 ΧΧ.
403 2455 547 2490 Diodor.
563 2456 651 2490 flor·
667 2466 687 2496 4
702 2481 711 2497 ,
730 2466 759 2488 ι.
784 2455 864 2488 Liv.
881 2455 972 2501 Epit-
998 2455 1070 2492 cic.
1096 2454 1129 2493 ὅ(
1150 2454 1273 2490 Ascou.
1297 2455 1333 2488 in
1357 2464 1427 2499 tog.
1453 2454 1550 2487 cand-
