1675 2959
275 161 742 213 INLOC.L113.
778 161 863 207 cx
908 161 1059 206 triv,
1244 171 1337 222 329

62 272 117 312 lio
131 303 141 321 ,
158 271 239 326 (bis
254 273 356 311 enim
376 276 588 320 pugnatum
611 268 662 306 est
685 265 884 319 classibus)
900 265 966 304 illo
990 271 1093 303 certe
1115 262 1241 312 beilo,
1261 277 1341 303 me-

61 335 243 372 moranda
267 333 309 372 C.
334 329 446 371 Acilii
466 331 584 369 virtus
604 329 746 367 exstitit
773 341 781 367 ε
811 328 873 377 qui
901 326 1059 365 decimae
1085 323 1247 374 legionis
1269 326 1344 362 mi-

62 395 142 443 les,
177 395 329 434 abscissa
353 394 482 432 dextra
499 422 509 440 ,
546 404 658 443 quam
682 391 721 429 in
740 390 901 440 puppim
932 388 1097 427 hostium
1130 388 1344 435 injecerat,

62 455 154 495 laeva
192 456 343 494 retinuit
376 467 538 501 navem3
581 452 721 491 deinde
754 453 794 489 in
827 463 912 489 eam
943 449 1137 496 insiliens,
1170 447 1346 486 umbone

61 517 235 568 propulit
262 516 411 563 hostes,
448 528 572 566 neque
606 516 710 564 prius
739 526 908 563 pugnare
937 511 1102 559 destitit,
1139 522 1254 560 quam
1282 522 1348 548 ca-

62 587 168 629 ptam
202 579 395 629 profundo
423 586 620 628 mergeret.

121 639 235 682 XXI.
267 643 337 683 His
359 642 406 681 ad
427 641 593 680 Ilerdam
618 638 820 685 nuntiatis,
846 637 911 676 ubi
937 642 1013 685 jam
1040 644 1199 687 pontem
1228 633 1350 674 Caesat

66 702 268 752 effecerat,
294 703 424 742 omnia
450 710 606 751 repente
646 709 866 739 mutantur:
896 699 1019 738 hostes
1047 712 1094 738 ex
1123 697 1287 737 maxima
1307 695 1350 734 fi-

68 765 182 804 ducia
210 766 249 803 in
273 765 484 805 maximum
517 774 661 802 metum
691 763 876 808 veniunt,
908 761 1059 800 Caesaris
1090 773 1145 799 res
1168 759 1352 798 omnibus

71 827 199 866 modis
227 827 325 865 fiunt
347 827 567 876 superiores.
595 825 716 875 Igitur
741 823 888 873 aliquot
908 822 1169 872 Hispanorum
1195 819 1356 872 populi,

69 890 136 939 qui
160 882 476 938 Pompeianarum
509 887 673 936 partium
702 885 848 934 semper
880 885 1059 930 Fuerant,
1085 884 1133 922 ad
1167 881 1354 922 Caesarem

72 950 306 990 defecerunt.
332 949 536 996 Oscenses,
561 950 596 988 ἃ
620 947 677 986 his
703 946 911 985 contributi
939 944 1356 995 Calagurritani‚Tar-

69 1010 322 1058 raconenses,
346 1009 536 1058 jacetani,
574 1007 772 1055 Ausetani,
805 1004 1158 1056 Illurgavonenses,
1187 1004 1355 1054 quinque

71 1086 222 1122 magnae
248 1074 433 1112 civitates.
466 1071 523 1111 Ab
546 1070 605 1110 his
626 1071 822 1109 frumento
853 1071 1007 1119 adjutus
1031 1068 1172 1115 Caesar,
1194 1065 1360 1107 difficul-

72 1142 170 1173 tates
204 1146 338 1174 omnes
371 1133 531 1185 pulchre
564 1133 760 1184 explicat:
788 1132 926 1183 quibus
959 1131 1070 1171 rebus
1096 1130 1261 1180 permoti
1291 1128 1358 1167 alii

72 1195 207 1247 populi
241 1195 393 1246 longius
417 1195 652 1241 colentium,
684 1197 719 1234 δε
751 1195 838 1244 quia
865 1193 1001 1232 falsum
1029 1192 1138 1231 fuiffe
1166 1202 1359 1229 rumorem

73 1258 302 1308 apparebat,
325 1258 527 1310 Pompejum
546 1272 620 1295 cnm
637 1257 829 1309 legionibus
848 1271 907 1308 per
932 1255 1196 1293 Maurit.zni.mz
1219 1253 1360 1299 venire,

73 1321 124 1358 ad
150 1319 300 1358 Caesaris
322 1320 529 1358 amicitiam
557 1317 594 1356 se
624 1317 901 1357 transtulerunt.
926 1315 1135 1356 Perterritis
1167 1314 1260 1352 hinc
1291 1313 1362 1351 ad-

75 1381 242 1421 versariis
264 1389 306 1421 ut
335 1382 456 1421 acrius
481 1379 778 1420 instaretiCaesar
792 1409 803 1427 ,
823 1377 934 1417 fossas
953 1379 1095 1427 pedum
1119 1376 1273 1426 triginta
1293 1375 1364 1413 du-

76 1458 162 1484 cere
184 1444 370 1492 instituit,
394 1442 531 1493 quibus
558 1454 643 1493 pars
669 1441 792 1491 aliqua
813 1440 980 1480 fluminis
1010 1447 1264 1484 averteretur,
1284 1448 1362 1486 quo

76 1507 176 1545 vado
207 1506 353 1545 transiri
386 1505 532 1556 posset,
569 1518 693 1555 neque
718 1504 834 1554 longo
873 1503 1077 1542 circumitu
1109 1514 1176 1551 per
1201 1508 1364 1550 pontem

77 1568 363 1608 transmittendi
395 1568 539 1618 equites
562 1567 703 1606 forent.

134 1629 266 1669 XXII.
298 1629 386 1669 Hoc
414 1641 527 1678 opere
552 1640 671 1678 prope
696 1625 874 1666 confec⁰to
891 1657 902 1674 ‚
929 1624 1103 1664 Afranius
1131 1624 1167 1662 &
1193 1621 1365 1670 Petreius

82 1691 284 1736 timentes,
308 1703 356 1728 ne
384 1689 591 1740 praevalido
610 1687 762 1727 Caesaris
797 1687 966 1737 equitatu
993 1685 1142 1735 penitus
1170 1683 1368 1721 frumento

82 1750 300 1802 pabuloque
335 1749 703 1796 intercluderentur,
731 1748 874 1787 bellum
899 1747 946 1786 ad
971 1746 1121 1786 Iberum
1145 1745 1304 1783 fluvium
1327 1742 1370 1780 in

85 1812 329 1852 Celtiberiam
349 1811 548 1851 transferre
568 1811 745 1850 statuunt.
772 1810 895 1860 Igitur
916 1810 964 1847 ad
987 1806 1214 1857 Octogesam
1230 1835 1242 1852 ,
1263 1803 1371 1853 quod

85 1875 135 1914 ad
155 1874 309 1913 Iberum
338 1874 390 1912 est
425 1873 614 1923 oppidum
631 1904 643 1921 ,
663 1880 822 1922 pontem
849 1871 928 1909 fieri
958 1870 1176 1920 imperant:
1203 1865 1373 1917 legioni-

86 1934 231 1984 busque
261 1933 408 1972 duabus
434 1934 597 1974 Sicorim
625 1932 871 1979 transductis,
902 1931 1017 1970 castra
1053 1930 1244 1968 muniunt.
1279 1927 1373 1965 Haec

89 1997 152 2035 ubi
184 1996 271 2035 sunt
299 1996 431 2035 Caesari
466 2009 533 2046 per
566 1995 822 2045 exploratores
857 1994 1039 2045 cognita,
1063 1993 1194 2030 noctes
1217 1987 1372 2038 diesque

87 2057 218 2096 labore
243 2057 464 2096 continuato
482 2069 527 2095 eo
545 2069 623 2094 rem
647 2056 823 2103 deducit,
848 2065 889 2092 ut
904 2056 981 2103 jam
998 2084 1009 2100 ,
1036 2053 1127 2091 licet
1146 2063 1243 2101 aegre
1257 2080 1268 2097 ,
1284 2046 1374 2099 pos-

85 2121 169 2160 sent
196 2129 327 2160 tamen
359 2129 474 2169 atque
514 2120 699 2158 auderent
733 2118 878 2168 equites
915 2119 997 2166 ejus
1035 2117 1181 2154 flumen
1207 2112 1377 2153 transire⁹

87 2184 208 2234 Igitur
240 2183 391 2230 hostes,
417 2183 671 2222 festinandum
697 2181 789 2229 rati,
816 2180 987 2231 praesrdio
1011 2177 1142 2217 Ilerdae
1169 2175 1375 2226 imposito,

89 2247 268 2286 omnibus
290 2246 410 2297 copiis
435 2246 596 2285 Sicorim
622 2244 844 2292 transeunt,
863 2245 898 2283 δι
925 2242 963 2281 se
991 2254 1079 2280 cum
1101 2238 1296 2291 praemiffis
1319 2237 1378 2275 le-

93 2309 269 2358 gionibus
296 2306 549 2358 conjungunt.
580 2307 701 2347 Caesar
727 2307 897 2358 legiones
931 2305 1140 2344 immittere
1167 2315 1247 2341 non
1269 2311 1379 2351 pote.

143 2427 164 2468 ξ
191 2426 267 2457 XX.
290 2425 370 2459 Dio.
395 2425 482 2459 Caes.
510 2428 651 2460 Sueten.
674 2427 709 2458 in
739 2425 823 2459 Caes.
849 2438 878 2458 c.
898 2424 930 2456 6.
955 2424 1031 2457 Val.
1051 2422 1143 2456 Max,
1172 2432 1211 2462 2,
1236 2430 1267 2453 Ξῖ.
1289 2419 1381 2453 mut„

94 2473 129 2510 in
153 2469 238 2506 Caes.
263 2481 293 2506 ες,
316 2471 368 2505 26.
405 2470 427 2515 §
450 2470 542 2508 XXI.
567 2473 637 2506 Cic.
663 2471 745 2507 Dio³
768 2471 858 2504 flor„
880 2481 921 2510 4,
950 2479 980 2501 ιθ
