1675 2959
260 152 344 198 ΙΝ
393 147 860 198 LOC.LIB.C11
910 147 1060 196 LIV.
1273 148 1333 195 61

57 264 216 308 petent,
244 257 523 308 rempublicam
549 256 820 296 constituerent
840 255 1022 295 arbitratu
1045 253 1122 294 suo.
1145 253 1183 294 in
1202 253 1278 294 hoc
1297 255 1340 294 fia

61 319 152 358 dem
176 328 310 358 mutuo
333 319 596 368 obligaverant
621 318 776 357 homine
803 320 994 364 mactato,
1017 316 1171 366 ejusque
1193 316 1341 367 gustato

60 381 265 432 sanguine,
280 390 406 422 tantus
418 381 524 420 furor
541 380 910 420 mentes‘incefferat.
930 378 1127 428 Plerosque
1146 377 1273 417 secuta
1288 378 1347 417 lu-

58 444 204 482 xuriam
222 443 361 494 egestas
381 443 430 481 ad
452 442 578 481 ultimi
595 442 732 486 furoris
753 441 906 480 consilia
928 438 1213 491 praecipitabat:
1233 447 1342 486 erant

66 507 126 553 &‚
145 505 208 555 qui
229 504 292 555 spe
313 504 587 544 dominationis
603 503 788 554 improbis
806 504 945 552 coeptis
959 501 1112 540 occulte
1131 500 1317 540 faverent„

114 567 305 607 XXXVI.
343 566 526 607 Mulieres
565 578 717 616 quoque
750 564 843 603 luxu
880 576 925 602 ac
960 563 1122 602 libidine
1152 563 1345 613 perditas,

60 637 128 668 aut
155 630 381 668 maritorum
412 641 546 667 necem
578 637 779 677 optantes,
804 626 1036 673 asciverant,
1073 637 1139 674 per
1162 637 1253 675 quas
1277 624 1350 663 ser-

61 691 153 730 vitia
176 691 445 738 concitarent,
475 697 540 728 aut
568 690 670 727 viros
703 687 855 726 illarum
889 686 1158 726 interficerent.
1198 687 1348 726 Harum

61 764 135 791 nec
159 764 289 802 paucae
313 762 444 799 erant,
463 752 651 801 corruptis
667 750 836 788 civitatis
857 748 1031 787 moribus
1047 778 1058 795 ,
1090 750 1124 786 ὃς
1152 747 1352 798 primario-

61 827 149 853 rum
184 815 351 854 virorum
375 816 558 864 conjuges
577 843 588 861 ‚
614 825 660 851 ex
697 812 834 862 quibus
871 810 1138 859 Semproniam
1170 810 1216 848 D.
1240 809 1348 848 Bruti

63 886 226 913 uxorem
262 875 459 915 Sallustius
498 874 691 913 nominat.
733 872 808 912 Sed
847 872 888 909 in
924 871 1060 909 eadem
1094 869 1205 909 causa
1238 870 1351 909 ssuiffe

63 949 144 976 non
166 937 361 975 immerito
385 936 666 982 existimemus,
684 946 766 983 quae
788 932 904 982 paulo
922 941 1012 971 ante
1032 939 1096 970 aut
1116 931 1244 981 postea
1264 930 1353 972 sunt

65 1012 88 1039 a
113 1000 199 1038 viris
225 999 436 1049 repudiatae
452 1028 465 1045 ,
491 998 629 1037 Clodia
657 1000 691 1036 8<
709 997 866 1037 Servilia
884 994 1063 1042 Luculli,
1087 994 1219 1034 Mucia
1243 996 1353 1034 Pom-

63 1062 167 1112 peji,
190 1061 347 1100 Catonis
362 1059 499 1106 Atilia,
524 1058 677 1098 Caesaris
702 1058 909 1108 Pompeja,
936 1055 1090 1094 Antonii
1108 1055 1295 1099 Antonia,
1315 1056 1353 1093 ὃς

66 1122 126 1162 Μ.
150 1122 324 1170 Luculli,
351 1135 578 1173 quacunque
605 1131 718 1171 gente
751 1121 848 1164 fuit,
875 1129 982 1156 uxor.
1020 1116 1207 1163 Juventus
1230 1119 1349 1155 etiam

65 1181 274 1234 pleraque,
304 1185 498 1231 praecipue
531 1179 744 1226 nobilium,
778 1179 868 1217 licet
897 1189 1042 1216 nomen
1076 1176 1354 1227 conspirationi

65 1259 146 1284 non
177 1245 359 1292 dederat,
388 1250 517 1282 tamen
535 1243 717 1290 audiens,
744 1241 967 1291 hujusmodi
992 1241 1168 1291 quaedam
1195 1242 1355 1292 agitari,

67 1308 282 1356 gaudebat,
299 1305 559 1344 imbecillitate
584 1306 705 1344 aetatis
720 1335 730 1352 ,
754 1307 788 1344 &
809 1306 894 1354 quia
910 1335 922 1353 ,
943 1304 1132 1354 corruptis
1154 1303 1246 1343 olim
1274 1318 1356 1342 mo-

66 1367 200 1415 ribus,
235 1377 278 1406 ut
310 1380 467 1418 quaeque
498 1376 604 1406 erant
643 1367 949 1418 flagitiosiffima,
986 1367 1037 1405 ita
1071 1367 1238 1405 maxime
1267 1379 1358 1416 pro-

69 1428 270 1470 babantur.

137 1493 346 1533 XXXVII.
379 1491 550 1533 Multum
578 1492 692 1532 etiam
726 1491 775 1531 ad
802 1491 1035 1542 perficienda
1062 1499 1192 1542 coepta
1228 1491 1268 1530 in
1302 1491 1359 1530 Pi-

68 1553 161 1594 sone
182 1553 260 1605 spei
286 1554 450 1594 Catilina
471 1554 673 1605 posuerat,
698 1554 761 1604 qui
788 1563 894 1601 tum,
924 1554 1100 1592 nondum
1123 1554 1255 1592 audito
1275 1554 1358 1602 ejus

67 1616 179 1662 casu,
207 1615 431 1666 Hispaniam
461 1617 674 1655 citeriorem
707 1615 882 1654 obtinere
907 1613 1155 1653 credebatur:
1185 1615 1357 1663 itemque

70 1679 111 1720 P.
139 1679 240 1720 Sicio
257 1680 467 1719 Nucerino.
493 1680 595 1719 Nam
612 1680 642 1718 is
666 1678 823 1729 publico
850 1676 995 1726 judicio
1016 1676 1246 1727 postulatus,
1268 1676 1360 1715 asci-

67 1749 111 1780 to
139 1742 179 1780 in
203 1741 336 1780 itinere
372 1740 530 1791 pessimo
564 1741 699 1790 quovis
731 1743 766 1780 ἃ
797 1739 982 1778 levissimo
1015 1739 1151 1777 eadem
1183 1747 1356 1777 metuen«

67 1805 193 1852 tium,
221 1803 404 1853 aliisque,
425 1816 521 1853 quos
546 1803 624 1842 fors
652 1801 863 1848 offerebat,
888 1814 956 1851 per
985 1801 1133 1841 Italiam
1159 1813 1204 1839 ac
1223 1801 1358 1850 Hispa-

70 1867 179 1905 niam
208 1866 258 1905 ad
278 1866 420 1905 fretum
441 1865 706 1916 transgressus,
738 1867 778 1904 in
802 1865 974 1904 Africam
1005 1864 1141 1903 duetor
1167 1863 1357 1902 exercitus

68 1928 125 1968 sui
152 1930 423 1977 transjecerat:
453 1928 583 1978 ibique
606 1927 744 1978 regulis
772 1927 869 1966 inter
891 1927 929 1965 se
954 1926 1190 1965 bellantibus
1215 1925 1382 1964 auxilia·

70 1992 231 2031 ferendo
247 2023 258 2038 ,
279 2004 367 2029 cum
381 2022 392 2037 ,
409 1990 546 2041 quibus
567 1990 633 2029 ille
656 1989 882 2038 accessisset,
902 1989 1110 2039 superiores
1135 1989 1267 2027 fierent
1281 2019 1292 2034 ,
1308 1988 1361 2027 ad

71 2054 219 2093 famam
242 2053 348 2093 brevi
373 2060 608 2103 pervenerat.
640 2052 716 2092 Sed
747 2054 916 2090 maxime
942 2050 1134 2100 sperabat,
1161 2049 1359 2089 consulem

72 2116 132 2165 se,
157 2115 304 2166 collega
321 2116 361 2154 C.
379 2115 565 2162 Antonio,
582 2115 685 2154 fore:
710 2127 782 2153 tum
805 2113 915 2151 nullis
935 2113 1028 2151 domi
1039 2114 1188 2166 provifis
1209 2113 1357 2165 opibus,

72 2178 240 2231 Pompejo
266 2177 392 2215 bellum
425 2179 463 2216 in
496 2178 632 2215 ultimis
660 2189 792 2229 gerente
822 2176 947 2223 terris,
977 2177 1015 2213 itz
1047 2176 1240 2228 destitutam
1271 2188 1361 2212 retn-

68 2241 249 2294 publicam
279 2241 438 2293 impetum
470 2240 544 2278 reHi
570 2255 633 2278 zme
655 2239 738 2289 fieri
767 2239 871 2290 poffi.
908 2238 1002 2278 Haec
1028 2237 1080 2276 ita
1105 2234 1258 2275 occulte
1294 2248 1361 2285 pa-

75 2303 150 2340 rari
179 2314 258 2340 non
287 2308 486 2352 poterant,
520 2301 613 2351 quin
641 2299 679 2339 se
700 2298 953 2350 quibusdam,
986 2297 1051 2337 sed
1074 2296 1357 2336 obscurioribus

138 2423 159 2461 ,S
193 2423 333 2455 XXXV.
369 2423 512 2458 Diodor.
540 2423 687 2468 Appian,
719 2422 810 2458 Plut.
837 2421 860 2468 ς
897 2420 1062 2458 xxxvl.
1082 2419 1206 2454 Ascon.
1227 2418 1263 2451 in
1283 2426 1358 2463 tog·

77 2467 175 2505 carrd.
196 2467 284 2503 Piut.
303 2468 340 2500 in
369 2468 442 2504 Cic.
462 2479 518 2505 u·
