1675 2959
253 171 361 239 ‘326'
424 169 518 218 JO.
551 170 1051 218 FREINSHEMII
1092 170 1449 228 SUPPLEM.

255 275 385 317 fronte
412 278 505 317 duci
520 277 633 328 jussit.
658 279 774 328 idque
801 291 898 328 opus
919 291 1026 326 cum,
1058 280 1180 328 prima
1208 280 1244 319 ἂ
1271 277 1439 319 secunda
1461 278 1546 318 acie

257 338 300 375 in
316 337 425 387 loco,
451 339 514 378 ubi
541 352 647 378 erant
672 339 880 386 instructae,
896 339 1173 390 perstantibus,
1193 341 1302 382 tertia
1326 341 1427 382 acies
1441 341 1545 381 face-

258 408 344 448 ret‚
372 402 505 450 ignaro
529 400 635 439 hoste
659 400 872 449 perfeetum
898 402 962 440 est.
1006 427 1009 432 .

312 462 398 502 XV.
431 463 531 502 Intra
562 461 663 500 hanc
692 461 949 501 munitio-nem
976 464 1089 502 no‘e'ce
1115 464 1319 514 transacta,
1340 464 1544 516 postridie,

258 522 348 572 quia
370 521 521 571 longius
547 534 662 573 agger
682 522 873 571 petendus
902 530 1005 570 erat,
1025 531 1106 563 tota
1133 525 1274 573 castra,
1295 527 1550 576 quemadmo-

262 582 359 621 dum
391 582 623 630 instituerat‚
654 585 870 633 permunit,
900 584 1051 635 singulis
1071 583 1288 635 legionibus
1319 587 1462 637 singula
1492 586 1548 625 la-

258 651 339 683 tera
361 644 555 685 tribuens:
584 644 663 695 ipse
696 658 786 685 cum
803 646 956 697 reliquis
981 648 1099 687 tribus
1123 647 1321 688 Afranium
1345 649 1552 698 Petrejum-

259 716 356 752 que,
372 704 420 742 ad
442 704 675 744 turbandum
691 718 789 756 opus
806 706 1002 746 venientes
1015 738 1026 754 ‚
1049 707 1237 746 absterret.
1255 708 1310 746 Ita
1327 708 1452 747 castris
1469 721 1553 758 per-

260 765 450 812 munitis,
486 759 764 816 impedimenta
795 768 831 807 ἃ
858 767 1063 816 cohortes,
1100 780 1184 817 quae
1220 767 1477 818 superioribus
1512 769 1554 812 in

263 828 390 868 castris
419 827 645 879 reliquerat,
682 829 821 868 eodem
853 827 1046 868 transduci
1071 828 1194 877 jubet.
1230 828 1321 869 Erat
1353 830 1452 868 inter
1484 842 1556 880 op-

261 892 403 942 pidum
435 893 469 931 &
503 892 707 932 Afraniana
738 891 856 931 castra
885 890 1060 941 planities
1096 890 1270 941 paffuum
1302 890 1452 931 circiter
1478 899 1555 930 tre-

263 959 492 1000 centorum,
514 954 550 992 &
573 953 611 991 in
634 953 762 992 medio
786 952 863 992 fere
887 952 1009 1002 spatio
1031 950 1202 991 tumulus
1220 951 1420 1002 surgebat,
1436 965 1553 1003 quem

263 1014 291 1056 fi
309 1014 526 1066 occupasset
541 1014 685 1061 Caesar,
705 1015 852 1065 oppido
872 1017 908 1054 ἃ
930 1022 1047 1068 ponte
1068 1013 1328 1065 prohibiturus
1356 1014 1478 1054 hostes
1501 1015 1555 1053 vi-

266 1075 444 1118 debatur.
464 1077 586 1128 Igitur
605 1077 753 1117 eduens
767 1077 1025 1127 i11stru5tisque
1045 1076 1169 1116 tribus
1190 1075 1426 1127 legionibus,
1443 1076 1555 1116 unius

267 1138 535 1189 antesignanos
564 1137 673 1177 cursu
711 1139 946 1177 contendere
981 1137 1031 1176 ad
1061 1137 1295 1187 capiendum
1328 1136 1460 1175 locum
1497 1138 1557 1186 ju-

267 1200 348 1246 bet.
370 1202 445 1242 Sed
472 1201 668 1241 AfranIani
699 1201 881 1251 propiore
910 1199 1032 1251 spatio
1056 1199 1283 1250 praecipiunt
1308 1198 1471 1238 collem:
1498 1212 1558 1238 or.

248 1272 383 1317 'taque
415 1277 566 1315 pugna,
594 1263 749 1304 Caesaris
778 1262 917 1303 milites
947 1261 1198 1313 repelluntur.
1242 1262 1362 1313 Igitur
1390 1262 1557 1302 subsidio

270 1327 438 1366 addueta
464 1326 566 1377 legio
590 1340 721 1373 nona,
754 1338 842 1366 cum
871 1327 1041 1365 invicem
1075 1324 1278 1376 pepulisset
1308 1324 1456 1374 hostes,
1484 1326 1560 1365 fer-

268 1402 362 1429 vore
384 1391 604 1430 certaminis
639 1392 821 1431 cedentes
847 1389 1017 1431 insecuta
1044 1389 1220 1440 iniquum
1240 1390 1285 1430 ”ln
1319 1388 1447 1429 locum
1474 1388 1559 1429 suc-

202 1474 205 1479 -
271 1451 390 1492 cessit.

327 1515 434 1557 XVI.
460 1515 641 1566 Quinque
665 1515 770 1555 horis
789 1516 842 1555 ibi
865 1515 1095 1556 dimicatum
1120 1516 1198 1564 est,
1223 1528 1363 1565 magno
1388 1512 1559 1562 Juliano..

270 1590 357 1617 rum
370 1576 541 1627 periculo
556 1608 567 1625 ,
588 1579 626 1616 in
654 1591 748 1628 quos
764 1591 812 1618 ex
834 1577 1088 1628 superioribus
1118 1577 1211 1617 locis
1238 1576 1312 1616 tela
1332 1584 1438 1615 certo
1454 1576 1558 1623 jactu

271 1639 536 1689 adigebantur.
554 1639 683 1680 Multo
708 1648 838 1679 tamen
863 1639 946 1690 plus
960 1639 1182 1683 vulnerum,
1197 1651 1313 1689 quam
1335 1639 1448 1677 caedis
1472 1637 1559 1679 fuit.

272 1700 441 1740 hostium
468 1694 578 1751 supra
607 1701 796 1740 ducentos
823 1702 1068 1740 ceciderunt:
1109 1700 1229 1740 Caesar
1266 1701 1385 1739 amisit
1411 1700 1560 1738 circiter

272 1762 528 1812 septuaginta.
556 1761 760 1800 Victoriam
785 1770 943 1811 utraque
970 1773 1054 1811 pars
1077 1760 1318 1801 adscribebat
1341 1760 1429 1799 fibi:
1453 1760 1561 1799 Pom-

276 1824 406 1875 pejani
441 1832 595 1873 propter
629 1822 820 1861 tumulum
861 1832 1081 1870 retentum,
1117 1824 1181 1874 qui
1218 1823 1411 1873 pugnandi
1451 1821 1560 1860 causa

275 1883 424 1931 fuerat,
460 1884 495 1922 ἅ
517 1883 668 1922 coaetos
693 1890 798 1932 terga
822 1894 965 1922 vertere
992 1883 1139 1930 hostes;
1172 1884 1237 1931 bi,
1271 1884 1375 1933 quod
1401 1896 1562 1922 numero

278 1947 313 1987 Sc
338 1945 426 1983 loco
465 1945 600 1994 impari
637 1945 813 1995 proelium
840 1955 898 1984 tut
925 1946 1030 1986 horis
1060 1948 1336 1994 sustinuerant,
1365 1949 1400 1986 ἃ
1423 1947 1471 1984 ad
1495 1958 1563 1985 ex-

274 2016 441 2049 tremum
467 2006 606 2045 virtute
631 2008 771 2046 connisi
807 2009 1055 2048 ascenderant
1081 2021 1278 2055 montem,
1312 2007 1558 2049 adversarios-

276 2059 350 2119 q'ue
377 2070 467 2108 inde
502 2069 542 2107 in
574 2069 763 2119 oppidum
793 2069 1029 2120 fugaverunt.
1065 2071 1194 2120 Maius
1224 2071 1321 2109 inter
1349 2069 1432 2110 haec
1461 2069 1560 2120 peri-

280 2130 439 2177 culum,
465 2130 637 2171 resolutis
665 2133 855 2171 montium
883 2133 1058 2181 nivibus,
1085 2146 1270 2182 aquarum
1301 2132 1422 2171 subita
1454 2133 1564 2171 inun-

280 2192 386 2231 datio
412 2191 655 2231 interminata
679 2192 751 2240 est;
782 2207 864 2243 qua:
887 2206 961 2232 una
984 2194 1046 2232 die
1072 2203 1275 2243 utrumque
1294 2192 1444 2232 Caesaris
1468 2206 1566 2243 pon-

278 2261 358 2294 tem
388 2253 599 2302 interrupit.
638 2252 762 2292 Castra
790 2265 896 2293 erant
928 2258 1025 2292 inter
1053 2254 1129 2293 duo
1161 2254 1321 2294 flumina
1348 2254 1495 2293 Sicorin
1525 2258 1563 2295 &z

282 2314 466 2363 Cingam,
495 2313 598 2363 quod
627 2312 786 2363 spatium
812 2325 891 2353 erat
915 2314 1085 2364 pass'uum
1111 2315 1258 2353 circiter
1284 2314 1402 2354 millia
1434 2316 1564 2367 trigin-

280 2384 331 2417 ta.
362 2375 462 2415 Inter·
490 2374 560 2415 hos
584 2375 786 2416 conclusus
812 2383 940 2416 tantus
970 2376 1183 2424 exercitus,
1216 2389 1341 2427 neque
1368 2377 1489 2425 juvari
1515 2378 1565 2420 ab

330 2494 352 2539 ἐξ
378 2493 472 2528 XIV.
494 2492 575 2528 Dio.
597 2493 683 2529 Caes.
706 2494 822 2528 From.
851 2493 954 2529 strat.
981 2506 1018 2535 ι,
1042 2504 1070 2535 5·
1094 2493 1116 2540 §
1147 2493 1222 2531 XV.
1249 2472 1332 2530 (Σὲ-ἶ.
1354 2492 1436 2529 Dio..

1653 203 1659 215 '
1652 147 1670 191 ἴω,
1652 127 1661 137 ““
1656 76 1657 79 ⁴
