1675 2959
273 123 371 182 '246
437 119 532 169 JO.
568 117 1075 168 FREINSHEMII
1118 119 1476 168 SUPPLEM.'

275 230 351 282 effi.
385 230 507 284 parati
541 228 737 279 intentique
770 229 822 265 ad
847 229 985 279 signum
1022 241 1138 267 omnes
1171 228 1302 280 effent,
1339 241 1377 266 ut
1408 227 1570 281 postridie

270 293 388 346 prima
414 292 488 330 luce
517 291 798 344 proficiscantur.
843 289 962 338 Quod
992 302 1131 340 magna
1169 290 1366 331 Gallorum
1395 290 1569 340 equitum

276 353 487 393 multitudo
511 353 549 390 in
575 350 699 390 castris
730 349 888 390 Labieni
919 357 1023 398 erat,
1045 363 1103 388 res
1128 351 1205 390 cito
1235 351 1403 390 defertur
1426 351 1476 390 ad
1500 349 1570 390 ho-

275 415 361 455 stes.
395 416 470 456 Sed
506 413 698 455 Labienus
734 413 850 451 nostu
886 411 1050 452 tribunis
1077 411 1245 452 militum
1276 414 1468 465 primique
1496 411 1566 464 pili

278 475 568 516 centurionibus
592 472 791 513 confilium
817 472 929 512 suum
962 472 1148 522 exponit:
1175 475 1246 525 fibi
1279 476 1316 513 in
1340 476 1457 514 animo
1483 473 1569 525 effi,

268 538 491 590 simulatione
524 537 660 576 timoris
680 535 809 588 fallere
834 536 958 588 hostem
974 565 987 582 ‚
1005 547 1070 582 ut,
1091 549 1163 573 non
1196 537 1400 589 exspeaatis
1428 537 1571 575 Germa«

278 602 360 648 nis,
383 601 535 652 tranfiat
555 601 709 651 flumen,
727 598 842 636 alieno
867 598 941 639 loco
962 596 1209 650 congreffitrus.
1250 597 1369 647 Igitur
1396 600 1567 647 majore,

282 674 398 713 quam
431 674 529 712 opus
563 668 629 699 aut
655 658 895 700 consuetudo
928 659 1048 708 effet,
1080 660 1239 710 strepitu
1258 660 1373 699 motis
1407 661 1534 700 castris
1555 692 1570 710 ‚

281 736 371 762 cum
401 723 443 762 id
473 735 627 773 quoque
648 721 775 760 subito
801 721 1022 761 nuntiatum
1045 719 1218 760 hostibus
1249 721 1363 770 effer,
1399 721 1449 763 ad
1473 722 1571 761 inse-

279 784 480 835 quendum
506 797 571 823 eos
593 783 771 822 illiciunt.

361 846 443 886 VII.
483 847 558 896 Spe
596 845 764 884 vistoriae
798 844 1036 895 praedaeque,
1069 844 1106 883 &
1140 855 1188 882 ne
1224 843 1386 894 fugienti
1423 842 1567 885 scilicet

281 907 459 948 Romano
483 905 649 958 spatium
677 906 869 945 evadendi
898 906 1057 953 darent,
1089 904 1237 944 flumen
1273 903 1567 954 transgrediun-

279 978 354 1014 tur.
388 970 433 1009 Id
462 969 530 1008 ubi
558 981 603 1008 ex
627 978 718 1007 voto
743 978 859 1018 atque
894 967 1180 1018 exspeftatione
1210 965 1368 1006 Labieni
1399 966 1570 1007 fanum:

282 1033 419 1071 habetis
431 1062 444 1079 ‚
464 1031 611 1081 inquit,
637 1032 792 1077 milites,
810 1045 914 1083 quam
937 1030 1133 1083 postulastis
1152 1032 1338 1083 pugnandi
1361 1031 1516 1082 copiam,
1537 1030 1575 1068 ἃ·

282 1106 323 1133 ut
343 1095 442 1133 locus
460 1108 527 1147 pro
552 1094 652 1132 nohis
676 1093 752 1145 effit
766 1123 777 1139 ,
793 1092 948 1146 filiciter
974 1104 1132 1132 curatum
1155 1093 1209 1142 est.
1236 1107 1301 1130 vos
1323 1094 1448 1138 modo,
1471 1105 1575 1142 quam

276 1156 431 1212 soletis,
464 1169 601 1207 operam
621 1155 779 1207 praeslare
808 1153 1043 1193 memineritis.
1076 1153 1140 1193 Sic
1171 1152 1357 1193 converso
1391 1152 1573 1202 agmine,

283 1229 376 1256 cum
401 1217 567 1267 impetus
593 1217 633 1255 in
657 1216 834 1259 Treviros
861 1216 993 1265 fieret;
1018 1215 1094 1263 illi,
1123 1216 1296 1254 novitate
1316 1216 1368 1254 rei
1396 1214 1574 1262 attoniti,

283 1291 334 1318 ne
356 1278 518 1328 primam
545 1278 704 1328 quidem
730 1278 1018 1329 impressionem
1041 1277 1222 1317 tulerunt.
1249 1277 1474 1328 Equitatus,
1498 1276 1576 1315 im·

283 1338 417 1381 miss'us
438 1340 490 1378 ad
523 1339 657 1387 iilvas,
682 1339 915 1391 fugientium
939 1340 1134 1391 ingentem
1165 1339 1310 1379 caedem
1345 1338 1477 1378 edidit.
1514 1336 1575 1377 Ita

282 1408 415 1440 motus
447 1400 694 1440 Trevirorum
728 1401 939 1452 repressus,
974 1402 1108 1440 civitas
1137 1414 1158 1440 a
1191 1400 1361 1441 Labieno
1403 1408 1569 1449 recepta.

286 1463 490 1512 Germani,
517 1463 581 1513 qui
608 1462 752 1503 auxilio
777 1464 1010 1512 veniebant,
1034 1464 1166 1503 audita
1186 1477 1226 1503 re
1241 1495 1251 1511 ‚
1272 1472 1314 1503 ut
1340 1472 1419 1502 erat
1450 1461 1574 1513 gesta,

286 1526 450 1567 domum
475 1525 625 1576 regreffi
652 1524 749 1564 sunt.
782 1536 869 1565 cum
890 1525 943 1564 iis
958 1525 1165 1575 propinqui
1188 1525 1445 1565 Indutiomari
1469 1535 1573 1562 trans

282 1588 465 1632 Rhenum
486 1587 698 1627 abiverunt.
737 1586 914 1627 Civitatis
938 1587 1145 1638 imperium
1169 1587 1429 1638 Cingetorigi,
1457 1597 1571 1636 quem

286 1654 339 1695 ob
369 1653 535 1692 studium
566 1665 655 1702 erga
682 1651 880 1692 Romanos
911 1650 1017 1692 socer
1046 1651 1331 1692 Indutiomarus
1357 1661 1477 1701 nuper
1501 1660 1572 1688 ex-

286 1716 463 1770 pulerat,
490 1715 542 1755 est
562 1715 757 1756 traditum.

343 1777 445 1817 VIII.
471 1777 590 1816 vietis
614 1777 662 1815 ad
689 1777 791 1817 hunc
811 1776 973 1816 modum
988 1776 1183 1824 Treviris,
1211 1773 1332 1817 Caesar
1357 1774 1405 1814 de
1434 1773 1574 1813 Rheno

287 1842 427 1882 iterum
460 1839 691 1879 transeundo
718 1839 979 1886 deliberabat,
1004 1838 1150 1889 duplici
1186 1837 1397 1877 stimulatus
1427 1835 1574 1874 utilita-

286 1910 352 1942 te:
388 1900 528 1948 altera,
553 1911 595 1940 ut
621 1902 803 1952 puniret,
832 1903 898 1953 qui
928 1911 1059 1942 contra
1088 1901 1125 1940 se
1149 1900 1291 1939 auxilia
1315 1899 1478 1941 Treviris
1502 1898 1575 1936 mi<

288 1963 440 2011 serant3
468 1963 608 2011 altera,
630 1977 679 2002 ne
704 1974 880 2015 receptus
910 1964 1013 2014 apud
1042 1976 1107 2002 eos
1131 1963 1345 2013 Ambiorigi
1369 1960 1470 2000 esset.
1510 1960 1576 2000 Id·

289 2026 393 2064 circo
418 2026 460 2065 in
478 2025 617 2065 finibus
637 2026 882 2066 Trevirorum
907 2025 1009 2065 haud
1035 2025 1155 2064 multo
1174 2025 1306 2075 supra,
1334 2037 1447 2074 quam
1470 2023 1573 2073 prius

290 2096 369 2127 erat
395 2086 662 2138 transgress'us,
689 2097 850 2138 pontem
877 2089 1010 2139 paucis
1036 2087 1172 2127 diebus
1197 2086 1344 2134 effecit,
1374 2096 1466 2125 nota
1488 2095 1572 2126 tum

291 2147 480 2187 militibus
507 2149 676 2196 ratione,
699 2150 763 2188 sed
794 2151 843 2189 ad
868 2149 1093 2189 hodiernam
1114 2149 1315 2200 segnitiem
1338 2160 1441 2187 nunc
1468 2160 1573 2197 pror-

290 2209 350 2251 sus
385 2209 617 2249 incredibili.
655 2211 811 2262 Quippe
838 2225 917 2250 non
952 2213 991 2250 in
1017 2211 1159 2262 proeliis
1187 2211 1330 2257 modo,
1363 2210 1427 2249 sed
1452 2211 1574 2260 magis

289 2272 332 2311 in
357 2283 471 2321 opere
499 2271 664 2311 Romani
692 2272 822 2311 militis
845 2273 987 2313 invidia
1010 2273 1170 2312 durities
1196 2282 1286 2313 erat.
1322 2273 1425 2313 Inter
1446 2281 1573 2313 cetera

289 2333 472 2390 pontibus
498 2333 679 2373 struendis
710 2335 762 2374 ita
797 2344 876 2374 erat
897 2338 1113 2383 exercitus,
1151 2345 1193 2374 ut
1219 2335 1431 2385 quemlibet
1451 2335 1571 2378 latum

332 2440 357 2489 s
379 2440 439 2475 v1.
457 2440 600 2481 medor.
620 2415 705 2476 Cae's.
728 2441 829 2483 oros.
848 2442 924 2477 Liv.
951 2443 1041 2488 Epit.
1067 2443 1089 2492 5
1113 2444 1195 2480 vir.
1219 2443 1306 2478 caes.
1331 2442 1475 2477 Diodot-
