1675 2959
501 44 504 80 l

249 104 344 166 258
411 104 502 152 JO.
536 99 1031 150 FRE1NSHEM11
1077 98 1439 146 SUPPLEM.

251 225 328 264 que
351 211 530 251 clariores
566 209 781 261 propOfitOS
807 207 893 246 effe.
925 206 1028 247 Tum
1056 219 1079 246 a
1103 205 1254 246 duobus
1279 206 1411 257 Appiis
1447 204 1540 245 ado-

248 273 482 314 lescentibus
510 272 593 321 Caji
619 269 732 317 filiiS,
760 269 825 319 qui
849 268 977 307 Clodii
1008 268 1133 307 fuerat
1161 269 1303 316 frater,
1327 270 1376 307 de
1399 267 1435 306 vi
1460 280 1539 318 po-

245 337 405 377 stulatus
437 336 489 375 est
513 334 614 374 Milo
633 363 644 381 ‚
671 334 707 372 Sc
738 345 759 370 a
798 330 970 370 Domitio
999 345 1035 368 a.
1054 332 1090 369 d.
1119 332 1231 371 Non„
1252 331 1396 383 Apriles
1426 330 1538 381 adeffi:

246 399 378 450 jussus.
400 399 476 439 Sed
494 396 630 435 eadem
654 395 689 433 ei
706 394 787 440 dies
814 406 836 432 a
861 392 907 432 T.
930 391 1080 432 Manlio
1109 394 1289 442 praedicta
1306 401 1410 441 erat,
1434 391 1538 442 apud

246 474 361 512 quem
390 461 440 499 de
470 458 620 497 ambitu
647 454 921 505 postulabatur.
954 453 1075 503 Igitur
1102 453 1184 503 ipse
1209 456 1317 493 venit
1344 455 1395 494 ad
1415 454 1539 493 tribu-

245 523 311 563 nal
335 520 518 567 Domitii·,
548 531 570 557 a
597 518 795 567 Torquato
827 529 895 567 per
921 515 979 556 M.
1008 515 1240 555 Marcellum
1267 517 1462 572 obtinuit,
1489 528 1538 555 ne

243 588 350 637 prius
378 582 529 623 causam
552 581 600 619 de
626 579 776 618 ambitu
800 579 946 618 diceret
963 607 974 625 ‚
998 590 1114 626 quam
1141 576 1231 616 effet
1259 564 1307 616 de
1330 579 1366 616 vi
1391 577 1538 626 judica-

245 655 343 685 tum.
373 642 529 692 Judicio
552 640 785 687 constituto,
808 652 897 678 cum
925 639 1048 689 prima
1069 639 1131 677 die
1150 639 1381 689 productum
1403 636 1538 677 testem

246 709 291 748 C.
320 704 525 746 Caffinium
548 700 754 748 scholam,
783 701 848 750 qui
863 702 905 753 fi’
929 715 1005 737 cum
1030 700 1152 739 Clodio
1167 700 1300 752 fhffl,
1325 715 1401 738 cum
1425 702 1458 738 is
1481 714 1541 738 oc-

242 772 278 810 ci
297 784 339 807 us
366 768 473 820 effic,
511 764 697 812 dicebat,
737 763 794 803 M
829 761 1037 802 Marcellus
1070 764 1345 812 interrogaret3
1384 761 1537 802 tantum

245 831 435 871 Clodiana
460 827 672 866 multitudo
703 825 885 864 excitavit
913 823 1154 872 tumultum,
1180 834 1224 864 ut
1241 824 1377 865 ultima
1398 825 1537 864 timens

243 889 454 934 Marcellus
468 919 478 936 7
502 889 542 926 in
564 886 733 926 tribunal
757 900 776 926 a
798 886 971 926 Domitio
993 888 1239 935 reciperetur.

315 950 546 992 XXXVIII.
581 949 702 999 Igitur
741 947 801 988 M.
834 945 980 986 Coelius
1019 946 1223 993 tribunus,
1262 949 1298 986 δε
1325 945 1403 997 ipse
1436 944 1537 986 Milo

243 1015 459 1066 praesidium
485 1011 553 1051 abs
580 1010 776 1057 Domitio,
809 1008 1003 1048 Domitius
1027 1021 1049 1047 a
1069 1008 1256 1059 Pompejo
1283 1008 1534 1059 postularunt.

241 1078 315 1119 Ille
336 1089 426 1116 cum
452 1076 502 1114 ad
528 1073 697 1114 aerarium
722 1071 858 1110 sedens
882 1070 1022 1109 eodem
1049 1069 1215 1109 clamore
1239 1070 1366 1109 fuisset
1390 1079 1538 1121 pertur-

242 1141 382 1188 batus,
420 1137 590 1190 promifit
624 1134 828 1181 Domitio,
852 1133 892 1184 se
923 1133 1085 1185 postridie
1113 1147 1188 1171 cum
1220 1134 1378 1186 proefidio
1406 1134 1537 1187 affictu-

237 1214 334 1242 rum:
361 1203 419 1242 Ita
450 1200 626 1252 proximo
661 1196 781 1236 biduo
807 1194 970 1245 quietius
1000 1194 1119 1233 auditi
1145 1194 1267 1233 testes.
1302 1195 1455 1236 Ultimae
1480 1206 1537 1235 te-

240 1265 466 1306 stimonium
505 1262 684 1301 dixerunt
719 1256 947 1307 Sempronia
980 1257 1194 1303 Tuditani,
1228 1258 1391 1296 amentis
1429 1256 1533 1296 illius

239 1324 347 1373 filia,
370 1325 498 1364 socrus
526 1323 564 1362 P.
583 1320 739 1367 Clodii,
768 1320 804 1358 δε
832 1330 930 1356 uxor
959 1317 1117 1358 Fulvia:
1145 1329 1407 1368 coronamque
1434 1319 1532 1358 fletu

241 1386 425 1428 muliebri
464 1395 698 1436 magnopere
737 1388 1046 1420 commoverunt.
1089 1380 1208 1431 Igitur
1246 1380 1395 1420 dimisso
1433 1382 1535 1420 circa

242 1451 382 1492 horam
409 1450 602 1490 decimam
639 1446 817 1496 judicio,
851 1444 898 1485 T.
928 1444 1128 1484 Munatius
1164 1445 1354 1495 populum
1391 1444 1533 1484 adhor-

241 1522 346 1553 tatus
369 1512 421 1551 est
437 1543 449 1560 ‚
483 1523 522 1549 ut
540 1509 708 1563 frequens
733 1506 884 1559 αάςῌὲι,
916 1508 952 1546 6¹
981 1507 1072 1545 elabi
1101 1508 1275 1545 Milonem
1302 1522 1371 1544 non
1392 1519 1535 1560 patere-

238 1586 317 1623 tur,
335 1575 576 1628 judiciumque
599 1574 633 1611 δ’
659 1571 809 1609 dolorem
829 1569 934 1620 fitum
956 1570 1148 1619 ostenderet.
1179 1569 1329 1608 Postero
1350 1569 1434 1617 die,
1458 1568 1533 1608 sor-

239 1638 381 1677 titione
408 1636 510 1676 farsta
538 1634 716 1685 judicum
747 1633 861 1670 unius
895 1633 930 1670 6<
955 1629 1230 1681 septuaginta,
1262 1631 1379 1681 iisque
1412 1633 1536 1682 proti-

240 1710 314 1737 nus
336 1697 472 1736 sessum
500 1696 705 1743 euntibus,
735 1695 882 1745 Appius
907 1696 1056 1742 major,
1084 1695 1120 1732 Sc
1144 1693 1202 1733 M.
1228 1693 1440 1742 Antonius,
1462 1694 1528 1744 qui

239 1774 338 1801 mox
363 1759 518 1799 viduam
541 1758 676 1805 duxit,
699 1758 734 1795 δι
759 1756 798 1795 Ρ.
815 1755 986 1795 Valerius
1004 1756 1141 1805 Nepos'
1157 1753 1441 1795 accusationem
1461 1753 1532 1795 ho.

241 1824 294 1862 ris
317 1821 491 1869 duabus,
510 1821 559 1860 ad
586 1819 794 1859 dicendum
821 1818 917 1857 datis
934 1831 955 1856 e
981 1818 1086 1868 lege,
1109 1827 1350 1867 peregerunt.

286 1885 487 1926 XXXIX.
513 1883 583 1924 His
606 1895 703 1922 unus
726 1890 806 1920 erat
827 1881 1069 1932 responsurus
1086 1882 1241 1927 Cicero⁷
1264 1880 1383 1919 tribus
1404 1880 1531 1919 omni-

240 1962 294 1989 no
310 1948 415 1987 horis
430 1948 479 1986 ad
495 1946 701 1986 dicendum
726 1945 835 1984 datis.
855 1946 973 1995 Igitur
993 1945 1079 1992 ille,
1094 1946 1129 1984 δε
1146 1943 1331 1982 brevitate
1346 1945 1530 1994 temporis

241 2010 576 2060 circumscriptus,
604 2011 640 2048 Sc
662 2008 813 2058 aspectu
837 2009 987 2046 territus
1023 2016 1279 2054 armatorum,
1307 2019 1402 2055 quos
1427 2006 1529 2043 circa

241 2074 369 2114 forum
388 2074 590 2123 Pompejus
611 2070 871 2121 disposuerat,
893 2083 971 2109 non
996 2070 1155 2116 eadem,
1181 2081 1254 2118 qua
1279 2067 1408 2106 solitus
1427 2076 1527 2116 erat,

243 2135 507 2174 constantia
484 2148 516 2172 t
547 2133 754 2179 facundia,
779 2131 931 2171 ciusam
956 2132 1088 2170 oravit.
1118 2132 1218 2170 Nam
1240 2142 1321 2179 quae
1349 2129 1532 2178 inscripta

243 2212 314 2250 pro
344 2198 495 2238 Milone
526 2196 661 2245 legitur
693 2195 886 2235 Ciceronis
923 2195 1073 2240 oratio,
1117 2192 1243 2242 postea
1277 2190 1413 2241 scripta
1451 2191 1528 2230 est:

246 2267 368 2310 puto,
400 2257 596 2296 ostendere
623 2255 803 2305 cupiente
829 2263 1007 2300 oratore,
1030 2265 1109 2291 non
1136 2251 1199 2290 sua
1223 2249 1361 2301 culpa,
1387 2249 1452 2288 sed
1477 2249 1529 2288 ob

292 2386 314 2429 5
340 2385 418 2417 ΧΧ
419 2385 510 2416 <.V11
534 2377 1529 2426 132.Ep‘1t.1³1ut.Asc0n.§XXXVHLiscomplut.

244 2430 319 2464 cic.
351 2431 471 2474 Philip.
501 2441 541 2470 1,
562 2439 594 2467 7.
620 2427 744 2471 Vellei.
