1675 2959
281 122 360 169 IN
406 119 575 168 LOC.
612 120 746 168 LIB.
785 117 913 170 CXII
963 123 1109 172 LIV.
1240 137 1334 192 397

59 225 240 277 phipolin
263 226 510 278 pervenisset,
535 224 830 278 Hellespontum·
855 227 987 278 petiit,
1011 229 1049 266 in
1075 229 1198 270 Asiam
1226 229 1342 272 trans-

59 289 249 328 missurus.
290 288 349 328 Ibi
375 300 462 326 eum
487 301 508 327 e
532 289 699 328 maximo
731 288 904 339 periculo
931 289 1162 328 admirabilis
1188 291 1342 333 fortuna

58 351 218 401 eripuit,
245 363 333 390 cum
358 351 486 400 inopia
509 351 720 391 triremium
747 352 911 391 veeroria
931 351 1106 391 navicula
1132 354 1338 403 trajiciens„

57 414 99 452 in
121 414 390 464 paratiffimam
412 413 577 453 hostium
607 413 782 463 classem,
802 415 836 454 &
856 415 1087 454 acerrimum
1112 414 1251 454 ducem
1271 416 1339 461 inq

58 472 218 514 cidisset.

111 535 243 575 XXII.
275 536 448 588 Corcyrae
473 544 650 576 trecentae
674 537 848 588 Pompeji
875 537 1048 577 triremes
1074 536 1261 576 steterant.
1278 539 1339 576 in·-

57 596 107 635 de
127 610 214 636 cum
244 598 522 645 discederetur,
548 596 808 646 cum'majore
831 611 990 638 nurnero
1011 598 1200 649 reliquos,
1218 608 1261 639 ut
1282 602 1337 640 esi:

55 659 299 708 expofitum,
335 660 535 707 transjecit
569 659 608 697 in
643 659 810 698 Africam
845 659 966 707 Cat03
992 659 1163 698 triremes
1189 660 1340 711 septim,

54 719 161 767 ginta
191 719 232 759 C.
260 719 381 759 Caffio
410 720 527 768 datae,
557 718 698 769 quibus
724 721 890 759 Pontum
920 719 1231 772 Pharnacemque
1255 723 1338 761 adi<

54 787 132 826 ret,
162 778 270 818 illum
299 792 450 830 quoque
478 793 604 831 regern
631 781 864 820 conciturus.
902 782 1004 821 Tum
1027 791 1153 821 autem
1171 813 1182 830 ‚
1200 784 1335 823 audito

52 841 179 880 adesse
207 842 411 891 Caesarem,
443 844 543 893 quasi
575 843 830 894 deprehensus
857 844 934 895 ipse
957 843 1070 892 effer,
1095 844 1283 896 supplices
1310 859 1334 885 e:

52 906 139 943 navi
169 906 329 944 tendens
359 919 516 955 manus,
548 907 699 946 veniam
720 907 787 946 fibi
811 906 958 958 suisque
985 908 1130 947 orabat.
1166 910 1336 958 Agnovit:

53 965 176 1005 Caesar
201 959 393 1006 fortunam
418 967 520 1006 suam
540 998 550 1016 ‚
574 969 610 1007 Sc
633 981 710 1007 non
733 977 937 1007 contentus
964 967 1036 1007 hac
1063 969 1242 1017 victoria,
1267 984 1333 1011 ne.

50 1028 145 1067 dum
167 1028 452 1077 incolumitate,
477 1030 690 1078 dubitavit,
711 1043 761 1069 an
783 1031 995 1081 reciperet:
1026 1031 1176 1082 fuitque
1199 1045 1218 1071 a
1238 1034 1336 1080 Bru-21

47 1096 116 1137 to,
151 1092 260 1139 cujus
287 1090 456 1130 sororem
482 1091 624 1131 Cassius
654 1093 834 1141 duxerat,
863 1093 1090 1132 exorandus.

103 1152 255 1202 XXIII.
298 1153 390 1192 Haec
420 1153 499 1201 ita,
534 1152 685 1192 secutus
716 1155 911 1200 auctores,
942 1153 1007 1203 qui
1044 1155 1080 1193 C.
1118 1153 1260 1204 Caffium
1293 1156 1332 1195 itz

51 1214 284 1266 Hellesponto
304 1215 455 1252 deditum
482 1214 640 1266 scribunt
657 1245 668 1262 ,
691 1215 825 1265 posui:
863 1222 1031 1254 ceterum
1059 1215 1262 1257 Suetonius
1293 1221 1333 1259 ἅς

48 1274 123 1314 Dio
140 1306 151 1324 ‚
175 1274 371 1325 scriptores
398 1276 559 1315 minime
587 1275 813 1327 spernendi,
841 1278 886 1316 L.
912 1276 1054 1326 Caffium
1086 1277 1329 1320 tradiderunt

48 1338 214 1389 rostratas
234 1339 343 1376 decem
368 1338 543 1376 habentem
557 1339 746 1390 supplicem
775 1338 897 1390 Caefim‘
906 1337 1050 1390 faft'um.
1072 1339 1169 1379 Sane
1192 1354 1213 1380 a
1237 1355 1333 1392 prae.

48 1396 168 1437 frat‘to
195 1398 490 1448 contumacique
515 1398 556 1437 C.
578 1397 687 1437 Cassii
724 1399 879 1450 ingenio
906 1400 1137 1450 permultum
1171 1415 1214 1442 ea
1238 1405 1332 1444 vilia'

45 1464 102 1496 tas
124 1457 294 1497 diffidet:
322 1458 387 1496 nifi
403 1488 414 1507 ,
439 1458 545 1509 quod
570 1459 764 1509 Appianus
787 1459 936 1508 censet⁷
961 1461 1123 1501 fortunae
1142 1462 1327 1506 Caesarem

46 1516 219 1558 efferenti
247 1520 383 1559 cedere
406 1529 487 1560 tum
517 1521 646 1560 omnia
671 1521 900 1560 debuerunt.
930 1522 979 1570 <it
1004 1522 1143 1571 Caesar,
1172 1533 1328 1573 praeterae

46 1582 177 1619 vectus
197 1593 302 1620 oram
318 1581 407 1621 Afiae
420 1613 433 1630 ‚
458 1581 650 1633 Ephesum
675 1584 822 1634 attigit,
842 1584 972 1633 ibique
986 1584 1176 1624 senatores
1192 1599 1330 1626 omnes

49 1651 97 1677 ex
122 1641 315 1690 provincia
339 1641 406 1680 sub
433 1642 587 1683 eosdem
614 1644 693 1682 dies
715 1656 761 1682 eo
789 1652 1023 1682 convocatos
1047 1644 1119 1683 effe
1144 1646 1329 1696 cognovit:

49 1713 71 1739 a
86 1701 132 1741 T.
157 1702 296 1753 Ampio
322 1702 441 1742 Balbo
455 1734 466 1751 ‚
489 1704 552 1754 qui
575 1705 624 1744 ad
645 1704 855 1744 tollendam
871 1705 1080 1756 extemplo
1102 1706 1241 1746 sacram
1261 1721 1329 1758 pe..

43 1764 199 1802 cuniam
221 1764 375 1803 testibus
401 1765 459 1803 his
482 1767 539 1804 uti
561 1766 766 1816 cogitasset.
795 1767 857 1807 Sic
876 1768 1012 1806 iterum
1036 1767 1178 1807 servata
1200 1769 1325 1819 Ephe<

43 1825 103 1864 sxae
130 1825 261 1865 Dianae
289 1827 480 1876 pecunia,
508 1827 625 1875 Jonas
660 1828 875 1878 ceterasque
902 1837 1032 1880 gentes
1056 1830 1169 1878 Arne,
1203 1831 1324 1870 millis

0 1929 1 1936 χ
42 1887 178 1939 legatis
202 1890 449 1939 deprecantes
477 1891 606 1939 venia,
636 1891 879 1942 prosecutus,
904 1892 1055 1943 insuper
1082 1894 1324 1943 provinciam

43 1950 340 2001 publicanorum
365 1953 536 2001 injuriis,
560 1955 594 1993 ἃ
617 1954 753 1992 triente
776 1953 875 1992 soliti
898 1954 1033 1993 tributi
1054 1953 1214 1994 levavit:
1249 1968 1324 1995 nee

42 2021 172 2052 tamen
196 2014 319 2053 omifit
342 2014 637 2065 locupletiorum
660 2014 855 2066 publicare
877 2016 1071 2064 fortunas,
1097 2016 1190 2067 q‘uos
1212 2016 1325 2056 favis-

39 2071 77 2111 se
93 2073 275 2124 Pompejo
297 2075 518 2116 constabat:
545 2089 706 2126 quorum
733 2075 972 2127 Pythodorus
991 2089 1037 2116 ex
1057 2077 1317 2118 Astu-charum

38 2147 225 2183 numero,
250 2148 338 2175 cum
367 2137 518 2177 duobus
545 2137 775 2177 talentorum
808 2138 980 2178 millibus
1007 2140 1172 2190 amplius
1198 2139 1319 2190 poffi-

44 2197 176 2245 deret,
206 2199 370 2238 redemit
398 2213 418 2238 a
447 2199 587 2239 Caesare
620 2213 710 2250 opes
743 2199 852 2248 suas;
880 2212 1003 2250 neque
1031 2201 1198 2239 minores
1228 2199 1317 2239 reli⁹

40 2259 123 2308 quit
152 2258 308 2300 liberis:
347 2261 450 2300 unde
475 2275 567 2301 mox
598 2263 647 2302 ad
675 2261 799 2314 regale
824 2262 1015 2313 fastigium
1047 2263 1310 2302 ascenderunt.

84 2374 106 2417 ξ
131 2374 223 2407 XXI.
242 2375 330 2408 Plut.
348 2376 381 2407 in
398 2376 481 2408 Caes.
496 2389 522 2409 c.
540 2377 594 2417 69.
618 2378 760 2411 Sueton.
778 2378 812 2410 in
831 2378 915 2410 Caes.
938 2389 966 2410 c.
981 2377 1036 2409 60.
1056 2377 1137 2413 Dio.
1156 2379 1306 2425 §XXIL'

41 2418 186 2463 Appiam.
208 2419 297 2454 Plut.
318 2420 338 2465 5
355 2421 477 2454 XXIII.
501 2421 590 2458 Caes„
608 2424 754 2467 Appiam,
766 2423 846 2458 Dio.
863 2424 971 2458 Strab.
990 2424 1015 2458 1.
1032 2433 1085 2466 14.
