1675 2959
302 71 387 118 IN
436 69 597 117 LOC.
639 69 781 115 LIB.
832 66 942 115 CIX
990 69 1136 116 LIV.
1284 81 1399 131 305*

96 178 131 217 &
154 176 327 216 amicius.
355 175 482 215 Plures
504 182 633 223 erant,
652 185 748 224 quos
771 173 1015 212 conditiones
1042 172 1192 213 Caesaris
1209 185 1288 211 non
1309 174 1377 213 ad,

92 238 226 276 mififl‘e
259 237 475 288 poeniteret.
516 234 688 285 plerique
719 245 807 273 cum
837 235 1025 284 Pompejo
1053 234 1376 284 expostulabant,

90 300 183 349 quid
213 300 292 347 ita,
318 311 408 337 cum
441 296 533 336 effet
562 306 642 336 tam
675 294 861 346 flagitiose
888 295 1122 346 imparatus,
1149 295 1380 336 acerrimum

94 360 233 399 ducem
261 359 546 409 exercitumque
578 355 827 406 provocaffet.
869 358 970 396 Nam
1003 356 1185 406 quaerenti
1211 355 1253 395 L.
1281 356 1382 395 Vol·—

91 420 194 457 catio
224 418 338 458 Tullo
378 418 460 457 viro
498 416 714 464 consulari,
755 417 896 466 ecquid
936 428 1086 467 paratas
1118 415 1278 455 haberet
1311 431 1382 456 co-

90 479 207 529 pias?
238 479 451 519 haesitanter
484 477 756 528 responderat,
790 477 882 516 duas
921 476 1118 528 legiones,
1149 488 1231 527 quae
1260 477 1381 519 effent

89 539 206 580 miffae
222 554 243 579 a
261 540 427 589 Caesare,
453 550 601 590 paratas
625 539 724 579 effe:
753 531 927 577 arbitrari
954 542 989 579 ὃς
1015 540 1063 579 de
1086 542 1197 581 novis
1221 541 1377 581 delecti.

94 602 165 644 bus
194 603 364 654 legiones
393 604 561 654 quinque
588 602 675 652 cogi
703 600 820 652 poffe.

150 665 269 705 XLV.
290 664 350 704 Ibi
370 663 602 703 exclamavit
614 661 751 702 Tullus
764 693 775 711 ‚
791 661 971 711 decepisti
993 675 1063 702 nos
1077 693 1088 710 ‚
1102 663 1283 714 Pompei!
1310 677 1385 703 nu.

91 738 162 777 pet
192 726 295 764 enim
331 725 371 763 in
405 724 539 764 senatu
572 724 742 775 legiones
775 723 917 764 habere
947 722 1024 762 sese
1055 734 1206 774 paratas
1244 726 1383 766 decem

95 787 400 826 confirmaverat.
431 787 488 826 M.
505 786 692 840 Favonius
719 785 883 833 adjecit,
909 797 1014 824 nunc
1038 786 1112 825 ess'e
1138 795 1288 838 tempus
1313 801 1383 839 pe-

96 850 146 888 de
168 849 408 899 percutiendi
436 856 603 895 terram3
628 845 732 896 quod
757 846 964 896 aliquando
993 847 1250 895 jactabundus
1278 850 1385 888 dixe.

95 919 175 958 rat,
207 911 272 948 ubi
296 911 394 960 pede
422 918 559 948 terram
584 908 786 959 pulsasset,
805 907 951 947 affatim
980 903 1186 948 exsilituras
1215 912 1388 960 equitum

96 972 350 1022 peditumque
373 970 513 1020 copias.
546 970 594 1009 Et
617 969 797 1008 vincebat
822 967 886 1007 ille
911 969 1070 1019 quidem
1102 969 1232 1008 adhuc
1261 971 1390 1010 Caesa-

97 1047 181 1073 rem
203 1033 368 1073 militum
396 1045 557 1071 numero
573 1063 584 1080 ‚
607 1032 797 1080 adjunctis
819 1030 1150 1081 Hispaniensibus3
1176 1032 1240 1071 sed
1266 1046 1286 1072 a
1312 1034 1390 1073 suis

96 1094 288 1141 consiliis,
322 1093 578 1144 trepidatione
619 1092 803 1139 Parrum,
837 1091 941 1130 velut
974 1092 1093 1132 fluctu
1129 1093 1392 1136 auferebatur.

102 1157 240 1198 Tullus
254 1189 263 1205 ‚
278 1157 489 1196 mittendos
508 1157 556 1194 de
572 1168 666 1206 pace
693 1155 836 1205 legatos
849 1185 861 1203 ,
880 1153 1057 1195 censere:
1085 1155 1252 1194 abnuere
1270 1157 1391 1206 Cato,

101 1220 138 1258 ἃ
172 1218 357 1269 Pompejo
388 1216 577 1256 summam
603 1216 756 1266 imperii
784 1216 1014 1263 decernere3
1049 1217 1259 1256 eorundem
1290 1217 1392 1266 effe,

99 1292 239 1330 magna
263 1279 362 1318 mala
387 1280 422 1318 ἃ
438 1277 565 1316 facere
583 1305 594 1324 ‚
623 1279 660 1315 Sc
690 1279 968 1326 comprimere,
1000 1277 1196 1316 dit-litans.

154 1340 292 1382 XLVI.
314 1340 359 1379 In
381 1339 484 1377 hane
507 1336 735 1376 sententiam
757 1337 878 1376 itum:
902 1338 936 1376 ἃ
959 1337 1186 1388 Pompejus,
1211 1351 1290 1377 non
1314 1339 1390 1379 effe

98 1403 141 1443 in
172 1400 380 1453 parietibus
411 1397 692 1449 rempublicam
716 1397 860 1444 ferens,
886 1396 993 1447 sequi
1022 1397 1126 1446 juffis
1155 1400 1395 1450 magistram,

102 1465 173 1504 bus
194 1464 375 1512 omnique
395 1461 550 1508 senatu,
581 1460 642 1507 &,
668 1458 695 1497 fi
714 1458 795 1508 quis
822 1458 1074 1508 remansisset,
1101 1473 1170 1510 pro
1199 1460 1306 1500 hoste
1322 1461 1392 1501 ha-

98 1526 270 1567 biturum
297 1523 526 1562 denuntians
543 1551 555 1569 ‚
589 1520 725 1559 urbem
753 1519 914 1570 reliquit.
948 1520 1130 1561 Consules
1157 1522 1307 1572 statim,
1335 1535 1388 1562 ne

100 1586 213 1627 sacris
241 1586 395 1638 quidem
417 1582 648 1624 solemnibus
667 1582 797 1631 fastis,
823 1583 954 1636 (quod
978 1593 1066 1623 ante
1089 1585 1129 1623 id
1151 1594 1304 1635 tempus
1325 1599 1392 1625 ac-

102 1652 247 1691 ciderat
270 1649 497 1700 nunquam)
519 1647 638 1687 secuti
659 1645 757 1685 sunt.
787 1645 940 1696 Reliqui
963 1647 1112 1686 Pattum
1136 1647 1274 1697 inopes
1301 1659 1394 1688 con-

104 1713 176 1754 filii
207 1711 472 1763 stupentesque
499 1709 538 1749 in
562 1710 666 1749 curia
694 1709 977 1758 pernostarunt.
1007 1708 1180 1747 diluculo
1206 1710 1392 1759 demum,

101 1775 236 1827 paucis
251 1805 262 1821 ,
280 1774 345 1824 qui
369 1771 522 1813 Caesaris
543 1780 608 1810 aut
631 1780 852 1810 neutrarum
881 1770 1051 1820 partium
1073 1781 1204 1818 erant,
1224 1784 1394 1816 manen÷

104 1835 207 1878 tibus
234 1838 488 1892 (quamquam
509 1837 544 1876 ὁὶ
563 1847 609 1874 ex
634 1833 702 1874 illo
719 1845 878 1873 numero
904 1833 1062 1883 quidam
1088 1833 1269 1873 dicuntur
1295 1847 1388 1885 pro-

103 1900 231 1954 festi)
261 1898 512 1938 excesserunt.
800 1941 802 1943 ‚

162 1958 319 2001 XLVII.
359 1959 454 2009 Ergo
488 1966 671 2007 tanquam
703 1969 751 1995 ex
776 1953 903 1994 hostili
927 1963 1025 1993 terra
1054 1953 1098 1993 fit
1129 1954 1231 2006 fugae
1262 1955 1394 1996 similis

104 2020 320 2073 profeclio:
354 2017 598 2069 complentur
622 2017 838 2067 agminibus
863 2017 1086 2055 exeuntium
1109 2017 1202 2065 viae,
1222 2016 1395 2067 comple-

105 2094 168 2123 tur
199 2083 430 2121 clamoribus
457 2080 700 2130 tumultuque
725 2079 892 2120 coelum:
923 2078 966 2117 fit
997 2077 1251 2118 deserentium
1283 2080 1395 2119 emit,

107 2145 348 2195 ten'tiumque
371 2143 457 2183 suos
485 2141 770 2193 comploratio:
808 2153 958 2181 moram
985 2142 1149 2189 caritas,
1187 2140 1393 2180 festinatio„

164 2273 188 2318 ς
200 2255 337 2305 ‘xum
359 2272 443 2305 caes.
463 2271 553 2305 Plut.
578 2271 600 2316 5
622 2252 727 2307 xrjv.
744 2270 833 2306 Plut.
854 2270 889 2303 'm
906 2269 982 2305 cat.
1007 2269 1080 2305 cic.
1098 2269 1142 2302 aa
1157 2269 1264 2305 Anic.
1283 2278 1325 2311 7,
1339 2276 1398 2304 11.-

109 2325 292 2359 Diodori
312 2337 367 2365 41.
393 2325 415 2369 5
444 2324 567 2358 XLVI.
595 2323 678 2358 Dio.

179 2389 228 2436 T.
254 2388 346 2434 Liv.
373 2391 414 2432 V
411 2391 466 2435 ol.
492 2389 560 2434 X.
1129 2383 1173 2427 V
