1675 2959
268 136 326 185 18
431 136 530 186 JO.
564 136 1076 184 FREiNSHEMH
1106 135 1455 185 SUPPLEM.

263 243 360 294 {igni
383 241 630 291 nefandoque
656 240 822 288 scelere,
844 248 959 291 prout
984 241 1193 290 favebant,
1222 243 1543 284 succensebantve

260 304 522 355 litigantibus,
546 303 655 342 aliter
677 311 789 353 atque
816 302 924 342 aliter
951 305 1201 353 pronuntiare
1231 305 1344 346 soliti.

315 365 434 408 XLV.
470 365 569 406 Alias
596 377 747 414 quoque
779 364 995 414 complures
1020 365 1122 416 leges
1147 367 1348 406 Cornelius
1375 365 1545 418 promul-

261 430 368 480 gavit
388 459 398 476 ,
429 426 568 478 quibus
603 424 772 475 plerique
809 424 967 477 collegae
1004 427 1315 468 intercesserunt:
1353 441 1422 480 per
1451 440 1545 478 quas

261 487 530 527 contentiones
562 493 666 524 totus
702 485 917 525 tribunatus
946 489 1028 536 ejus
1066 491 1242 539 peractus
1267 489 1332 528 est.
1365 488 1544 529 Ambitus

252 552 409 602 *judicio
437 548 631 601 provisum
663 557 766 596 erat,
798 559 847 587 ne
877 549 993 600 vulgo
1028 551 1266 602 magistratus
1303 550 1402 591 male
1432 562 1547 601 cape·

257 620 401 652 rentur.
438 624 482 650 ea
512 623 568 649 res
593 609 776 649 excitavit
797 611 1051 650 attentionem
1078 612 1308 661 hominurn,
1336 620 1380 651 ut
1402 612 1539 659 etiam,

257 687 311 715 :ne
339 674 439 713 male
475 680 712 724 gererentur,
737 673 948 722 exigerent.
991 673 1085 713 Ideo
1110 674 1179 714 sub
1205 676 1246 714 id
1265 683 1418 726 tempus
1444 674 1543 713 adeo

257 737 388 778 :severe
410 735 500 775 sunt
521 735 692 774 exercitae
716 735 1013 784 repetundarum
1033 735 1162 787 leges,
1188 744 1232 775 ut
1248 746 1385 787 praeter
1408 736 1545 775 noxio-

259 814 347 841 rum
380 811 538 850 poenas,
578 799 696 837 etiam
730 796 1015 837 accusatoribus
1051 799 1204 850 praemia
1238 800 1543 840 decernerentur,

258 861 386 901 Carbo
418 861 596 911 equidem
615 889 626 906 ,
654 859 712 900 ΜΞ
739 859 851 898 Cotta
877 860 1085 907 damnato,
1120 861 1451 911 quemadmodum
1482 873 1546 899 ex-

259 935 408 974 ponere
438 934 504 972 per
537 920 778 960 occasionem
803 922 1108 970 occupavimus,
1142 921 1238 960 licet
1270 921 1400 960 adhuc
1424 921 1546 960 tribu·

257 984 376 1024 nitius
401 983 515 1031 esset,
549 980 811 1021 consularibus
840 982 1008 1032 insigniis
1040 982 1094 1021 est
1123 982 1337 1022 decoratus.

313 1045 451 1087 XLVI.
479 1046 526 1084 At
549 1045 654 1083 idem
680 1043 942 1094 postea,.cum
968 1044 1133 1083 eandem
1160 1044 1383 1084 obtinuisset
1407 1042 1543 1093 Bithy-

257 1104 387 1156 niam,
424 1120 470 1146 ex
503 1119 577 1157 qua
605 1105 758 1145 Cottam
781 1106 1054 1153 damnaverat,
1091 1105 1138 1145 ab
1163 1108 1246 1155 ejus
1276 1105 1382 1154 filio,
1409 1118 1486 1155 quo
1511 1105 1544 1144 is

196 1218 199 1220 ,
261 1164 346 1219 die,
373 1170 496 1209 sumta
523 1169 619 1208 virili
653 1176 768 1219 toga,
797 1168 845 1206 de
873 1166 1065 1218 Capitolio
1094 1166 1366 1214 descenderat,
1395 1166 1543 1215 judicio

257 1235 421 1274 afflictus
448 1233 514 1272 est.
554 1232 676 1282 Igitur
701 1231 740 1271 L.
764 1228 970 1277 Lucullus,
1002 1241 1094 1267 cum
1126 1241 1172 1267 ex
1204 1228 1349 1267 urbana
1381 1236 1544 1279 praetura

257 1295 475 1337 Sardiniam
503 1294 592 1333 esset
612 1293 763 1333 sortitus
777 1323 787 1340 ,
806 1292 859 1331 ire
883 1292 925 1330 in
944 1291 1181 1342 provinciam
1199 1291 1345 1339 noluit,
1365 1299 1544 1342 propter-

256 1372 303 1399 ea
329 1358 435 1409 quod
468 1358 671 1411 participem
694 1357 734 1409 se
767 1354 931 1405 negabat
960 1356 1120 1405 fitturum
1148 1354 1330 1405 infamiae,
1367 1368 1436 1405 qua
1471 1366 1545 1391 tum

257 1422 302 1460 ob
325 1420 516 1459 avaritiam
551 1420 586 1458 δ’
611 1418 755 1469 rapinas
782 1416 938 1469 plerique
961 1417 1098 1454 reffores
1119 1416 1378 1467 provinciarum
1406 1415 1545 1453 labora-

256 1485 354 1524 bant.
380 1483 468 1522 Erat
496 1480 600 1519 enim
626 1480 683 1518 vir
706 1478 858 1527 justitiae
884 1489 1042 1523 amans,
1073 1478 1109 1516 ἃ
1140 1475 1347 1514 constantis
1372 1476 1548 1526 ingenii,

257 1547 368 1594 cujus
396 1544 435 1582 in
463 1550 624 1593 praetura
656 1540 720 1580 sua
748 1540 893 1580 clarum
921 1540 1198 1578 documentum
1224 1538 1408 1577 ediderat.
1443 1538 1544 1578 Cum

258 1607 363 1645 enim
390 1605 518 1658 sellam
545 1602 618 1655 ejus
643 1601 818 1654 confringi
846 1599 980 1653 consul
1002 1598 1146 1639 Acilius
1173 1598 1352 1647 juffiffet,
1378 1599 1439 1637 cui
1470 1599 1545 1637 for-

257 1673 298 1706 te
319 1665 560 1716 praetereunti
596 1675 674 1702 non
703 1661 966 1708 assurrexerat,
1003 1658 1102 1698 nihil
1138 1666 1357 1698 commotus
1393 1659 1470 1707 est,

259 1729 401 1769 deinde
438 1728 535 1766 stans
561 1728 620 1776 jus
650 1725 772 1764 dixit:
801 1724 983 1774 idemque
1009 1722 1125 1762 ceteri
1157 1731 1340 1773 praetores
1371 1731 1415 1762 ut
1439 1722 1545 1762 face-

257 1798 365 1838 rent,
398 1789 535 1828 honori
565 1789 645 1837 ejus
677 1786 905 1827 tribuerunt.

312 1854 471 1895 XLV-II
500 1853 604 1893 Inter
637 1851 719 1891 haec
744 1852 784 1890 in
817 1850 927 1890 Creta
955 1850 1004 1899 Q
1028 1848 1209 1890 Metellus
1243 1861 1331 1888 cum
1360 1846 1545 1888 Cretensi-

257 1918 331 1958 bus
365 1915 474 1957 snnul
506 1915 709 1967 piratisque
736 1913 974 1959 dimicabat,
1006 1914 1070 1963 qui
1105 1911 1364 1963 oppresserant
1391 1922 1542 1961 partem

254 1979 414 2027 insulae,
445 1977 679 2027 alteramque
705 1988 752 2015 ex
784 1989 827 2014 ea
855 1975 936 2026 post
964 1973 1141 2014 Ciliciam
1168 1973 1452 2013 latrociniorum
1482 1986 1544 2012 ar-

260 2055 345 2081 cem
373 2041 570 2087 fecerant,
606 2039 778 2090 pluribus
809 2051 852 2077 ea
877 2036 989 2076 causa
1015 2036 1174 2076 castellis
1200 2049 1266 2086 per
1289 2034 1450 2074 insulam
1477 2047 1542 2074 ex-

256 2102 416 2144 structis.
446 2104 497 2143 Ea
517 2115 605 2141 cum
630 2102 824 2142 Romanus
849 2108 1104 2150 expugnaret,
1132 2099 1183 2138 ita
1209 2099 1334 2137 severe
1354 2098 1392 2136 in
1420 2099 1543 2148 capti-

257 2179 328 2207 vos
358 2165 702 2211 animadverterat,
730 2171 772 2201 ut
803 2161 938 2212 reliqui
966 2161 1107 2211 partim
1138 2173 1286 2199 veneno
1309 2159 1346 2199 se
1376 2159 1543 2199 confice-

258 2237 364 2275 rent,
398 2227 568 2278 plerique
590 2225 692 2275 prius
721 2226 853 2264 onmia
876 2222 1035 2261 mallent
1065 2222 1255 2272 experiri,
1285 2234 1398 2271 quam
1422 2231 1463 2259 ut
1484 2220 1543 2260 illi

257 2292 297 2333 se
321 2291 523 2331 traderent.
558 2289 759 2338 Tantaque
785 2285 1019 2327 Cretensium
1046 2297 1091 2324 eo
1113 2283 1215 2323 bello
1238 2283 1452 2336 pervicacia
1469 2291 1546 2322 tra.

309 2419 332 2463 §
356 2418 476 2450 XLIV.
498 2416 643 2448 Diodor.
660 2406 783 2448 Ascon.
807 2412 829 2459 §
853 2412 956 2449 XLV.
982 2411 1126 2445 Diodor.
1143 2408 1266 2444 Ascon.
1291 2407 1312 2453 5
1332 2405 1543 2444 XLVINal.

261 2464 356 2498 Max.
382 2475 421 2505 5,
442 2475 473 2503 4.
493 2462 637 2494 Diodot.
