1675 2959
232 130 313 178 IN
359 117 892 184 LOC.L113.1CXH
939 117 1085 162 mv.
1202 131 1291 174 421

24 238 147 295 posset
163 237 374 278 audaciam.
399 229 566 272 Dimiffis
588 228 691 268 enim
706 256 717 275 ‚
740 225 803 277 qui
824 223 930 274 sequi
951 220 1174 269 noluerant,
1199 221 1300 260 inter

24 314 120 354 quos
145 303 180 341 ἅ
209 301 251 341 C.
274 296 416 338 Caffius
460 295 560 333 reeta
586 291 777 343 profectus
811 288 861 328 ad
888 284 1074 332 Caesarem
1103 291 1206 331 erat;
1243 290 1306 322 ta.»

26 375 116 404 men
143 360 268 411 plures
295 358 431 396 decem
457 354 625 393 millibus
657 350 804 393 eduxit.
1311 360 1313 362 ’

79 419 301 463 LXXXVI.
325 418 399 459 Sed
422 417 512 467 quia
536 428 602 467 per
627 412 836 466 squalentia
866 409 954 451 loca
981 403 1240 460 proficiscenti
1260 402 1307 442 ti-³

26 485 168 525 menda
197 482 325 532 inopia
351 492 535 531 aquarum
563 485 666 525 erat,
697 487 876 526 magnam
907 472 1098 513 asinorum
1132 465 1309 507 multitu-

32 547 163 586 dinem
190 544 364 584 oneravit
390 541 561 583 utribus:
593 538 752 589 plaustra
775 548 929 587 quoque
952 532 1077 577 multa
1093 530 1225 569 secum
1239 533 1314 565 tra„

31 611 112 659 xit,
146 610 182 649 ὃς
212 606 389 648 adversus
418 617 566 644 venena
594 601 823 653 serpentium
855 598 1025 651 Psyllos,
1055 595 1120 646 qui
1147 596 1183 633 δε
1208 589 1315 631 exsu-

32 686 120 724 gere
142 672 244 712 virus
276 682 325 708 ex
353 667 575 707 vulneribus
610 673 718 705 erant
741 663 866 712 soliti,
897 664 933 702 ἃ
967 657 1202 700 carminibus
1234 654 1317 693 vim

32 732 198 772 nocendi
219 730 401 782 anguium
428 728 619 771 hebetare.
644 728 716 767 His
741 727 793 767 ita
818 723 1056 776 praeparads,
1081 727 1319 772 quamquam

34 794 169 834 bruma
187 801 289 840 erat,
320 805 396 842 quo
420 792 509 833 anni
534 800 712 839 tempore
735 789 865 827 mitius
885 787 1008 826 uritur
1031 796 1075 823 ea
1096 783 1223 832 regio,
1248 789 1317 828 per

35 853 201 894 aestatem
225 851 304 891 sole
325 851 490 898 torrida,
515 851 551 889 ἀ
575 848 710 898 sperari
738 847 874 898 pluviae
898 853 1099 896 poterant3
1129 838 1256 880 divisis
1276 836 1318 875 in

35 926 162 969 partes
190 916 340 966 copiis,
379 927 455 963 quo
492 912 738 955 commodius
770 918 1022 962 aquarentur,
1058 898 1322 957 periculofiffi-

38 991 148 1018 mum
178 978 250 1017 iter
275 975 458 1027 ingressus
484 975 548 1014 est.
583 972 668 1022 Ipse
692 973 809 1023 pedes
834 981 923 1011 ante
955 969 1057 1019 signa
1086 965 1189 1012 ibat,
1211 961 1323 1002 labo-

38 1040 89 1080 ris
114 1038 264 1090 litisque
287 1052 363 1089 prae
394 1037 476 1078 aliis
502 1036 673 1087 patiens,
699 1036 850 1085 totique
876 1031 1056 1072 exercitui
1077 1025 1321 1077 exemplum,

41 1103 78 1141 ἀ
109 1100 316 1141 deficiendi
344 1100 480 1150 pudor.
516 1099 584 1138 Per
609 1096 763 1136 arenosa
785 1096 896 1141 loca,
926 1094 963 1132 in
991 1091 1129 1143 quibus
1157 1088 1324 1140 plerum-2

42 1176 116 1212 que
138 1164 287 1203 viarum
314 1171 423 1202 notas
443 1159 704 1199 violentisiimi
727 1159 839 1198 flatus
863 1155 1040 1203 abolent,
1056 1165 1154 1205 aegre
1169 1152 1218 1191 ad
1234 1151 1325 1191 Am-

41 1227 168 1266 monis
198 1225 319 1265 aedem
348 1232 586 1276 perventum.

96 1286 337 1327 LXXXVII.
375 1285 433 1326 Ibi
466 1285 617 1324 refed’ds
642 1281 821 1323 nonnihil
850 1280 996 1331 copiis,
1026 1277 1219 1327 reliquum
1254 1276 1326 1314 iter

44 1347 217 1387 absolvit.
242 1347 432 1386 tricesimo
449 1376 460 1394 ‚
482 1358 597 1396 quam
625 1353 703 1384 erat
732 1343 887 1394 Cyrenis
914 1340 1135 1392 profestus,
1166 1338 1228 1378 die
1253 1337 1327 1375 cir-

44 1409 276 1460 cumgreffus
292 1409 344 1449 est
368 1408 521 1459 Syrtin:
545 1408 637 1446 inde
660 1407 741 1457 pari
762 1406 883 1445 ferme
906 1403 1088 1454 temporis
1117 1400 1238 1452 spatio
1259 1410 1328 1450 per

45 1472 207 1511 cultiora
240 1471 357 1521 paulo
389 1471 474 1510 loca
500 1471 637 1520 Leptin
670 1478 857 1516 ventum,
889 1480 973 1518 quae
1003 1467 1116 1504 minor
1147 1471 1329 1511 vocatur;

44 1535 173 1584 ibique
199 1533 345 1584 reliqua
368 1545 456 1583 pars
482 1531 619 1573 hiemis
643 1530 692 1569 ad
716 1530 884 1580 quietem
908 1526 1021 1566 militi
1045 1523 1230 1566 conceffa.
1256 1522 1333 1565 Sed

45 1595 282 1638 Mithridatis
312 1594 413 1634 filius
441 1593 672 1647 Pharnaces,
695 1592 894 1632 occasione
927 1599 1145 1639 temporum
1172 1586 1332 1634 usurus,

46 1657 355 1709 Phanagorenses
383 1657 448 1696 diu
474 1663 742 1707 oppugnatos,
771 1666 862 1695 mox
890 1651 1121 1693 Colchidem
1146 1661 1301 1688 omnem
1317 1677 1331 1696 ‚

46 1728 265 1771 receperat:
294 1719 436 1759 deinde
464 1719 504 1757 in
528 1718 693 1757 Pontum
710 1714 1094 1763 conversus‚Sinope
1121 1719 1203 1751 erat
1234 1709 1336 1759 poti-

47 1791 134 1831 tus;
162 1791 293 1833 atque,
320 1776 510 1822 invitante
541 1779 734 1828 successu,
754 1790 822 1829 per
848 1775 1057 1817 absentiam
1082 1773 1253 1822 Dejotari
1281 1775 1339 1810 r'e.

50 1845 131 1895 gis,
166 1845 391 1884 Armeniam
428 1845 646 1889 minorem,
679 1843 715 1882 ἃ
751 1839 1038 1891 Cappadociam
1070 1833 1338 1875 Ariobarzanis

49 1919 229 1956 regnum,
249 1907 391 1946 vastare
411 1914 526 1956 atque
547 1916 735 1955 occupare
754 1908 946 1952 coeperat3
965 1911 1054 1938 cum
1069 1895 1238 1947 Dejotari
1254 1907 1338 1945 pre-

48 1965 177 2013 eibu3‚
217 1968 253 2006 &
285 1965 554 2006 Amisenorum
590 1961 787 2015 periculo,
825 1960 889 2011 qui
929 1960 1085 1999 interim
1115 1953 1344 2007 oppugnari

51 2025 171 2075 coepti
201 2035 310 2065 erant
335 2039 356 2066 a
380 2024 596 2073 Pharnace,
615 2023 806 2064 Domitius
823 2020 1002 2062 Calvinus
1024 2019 1199 2064 excitus,
1223 2015 1338 2056 Phar-

50 2100 187 2127 nacem
209 2089 373 2141 abstinere
401 2088 574 2139 fhciorum
597 2086 711 2139 regnis
731 2082 856 2134 juffit,
887 2096 963 2133 quo
987 2081 1072 2132 plus
1100 2079 1338 2121 ᾶυᾶοῐίῖῑῑῖἰε

52 2149 299 2194 denuntiatio
319 2148 500 2198 haberet,
527 2160 615 2188 cum
643 2146 821 2200 omnibu}
849 2144 970 2197 copiis
991 2142 1225 2183 subsecutus.

104 2285 125 2326 S
149 2284 321 2319 LXXXV.
344 2285 432 2323 Plut.
449 2286 483 2318 in
502 2286 578 2318 Cat.
590 2285 666 2319 Liv.
684 2285 774 2329 Epit.
786 2283 912 2327 Vellej.
928 2294 966 2323 2,
982 2282 1041 2323 54.'
1054 2280 1136 2315 Dio.
1152 2278 1224 2311 Cic..
1238 2276 1339 2310 fami*

54 2337 128 2374 liar.
143 2349 154 2369 1
167 2349 196 2378 ς,
217 2338 507 2382 14.§LXXXV1.
529 2341 635 2372 Strab.
648 2341 670 2372 1.
690 2348 742 2378 17.
762 2337 850 2370 Plut.
864 2338 952 2369 Flor.
971 2346 1010 2375 4,
1031 2346 1042 2366 1
1054 2346 1082 2366 1.
1098 2333 1120 2376 §
1132 2330 1338 2368 LXXXVII,

59 2391 165 2423 strab.
195 2392 335 2425 Sueton.
359 2392 393 2425 in
419 2391 504 2430 Caes.
525 2404 554 2426 c.
577 2403 632 2438 35.
660 2393 804 2437 Appiam.
830 2390 984 2424 Mitlirid.
1005 2388 1084 2422 Dio.
1109 2387 1200 2421 Hirt.
1225 2387 1267 2427 de
1292 2387 1332 2426 Ra

56 2445 155 2483 Alex,
188 2456 216 2477 c,
244 2446 298 2489 36.
