1675 2959
360 173 442 219 IN
487 164 1166 218 LOC.L113.C11L1V.
1353 178 1413 225 75

135 281 220 335 post
246 280 369 325 maior
393 279 552 317 fratrum
576 274 815 323 Alexander,
839 273 879 311 in
902 272 1036 311 itinere
1055 281 1190 321 parum
1216 267 1418 318 diligenter

135 342 338 380 asservatus
368 339 513 388 effugit.

194 403 315 442 LXX.
335 401 550 440 festinabat
566 400 666 437 enim
691 397 996 447 Pompeius‚ut‚
1010 392 1122 433 rebus
1143 390 1312 432 Orientis
1331 401 1422 428 con-

136 465 304 512 stitutis,
333 464 497 505 Romam
528 470 743 500 recurreret.
793 459 941 497 Idcirco
972 457 1143 496 celeriter
1169 453 1425 505 pertransitis,

141 539 225 576 quae
243 525 417 566 Ciliciam
444 527 480 564 ἃ
501 525 664 564 Pontum
692 523 941 570 interjacent,
966 520 1197 571 provinciis,
1221 531 1306 556 cum
1324 515 1426 556 Ami-

88 612 92 615 <
140 587 224 627 sum
254 587 432 633 veniffet,
461 586 583 637 regios
607 584 661 623 ibi
687 583 827 623 liberos
843 613 854 628 ,
880 582 943 632 qui
972 582 1073 632 capti
1093 581 1233 619 interea
1254 579 1426 624 fuerant,

144 651 180 689 &c
207 649 254 688 ab
283 649 471 688 Pharnace
498 659 656 686 munera
684 646 851 696 reperit,
890 656 980 682 cum
1012 643 1194 682 cadavere
1220 639 1431 681 Mithrida-

142 712 220 759 tis,
253 710 357 760 quod
392 709 513 748 muria
554 708 754 747 conditum
796 706 987 756 parricida
1021 704 1231 745 Pharnaces
1267 701 1429 741 miserat.

144 771 373 823 Pompeius,
401 780 550 811 mortuo
573 772 744 819 Sinopen
772 767 1003 813 amandato,
1025 775 1068 805 ut
1098 763 1270 815 sepulcro
1304 763 1432 810 majo-

144 849 231 875 rum
270 823 496 880 inferretur,
535 831 662 871 sumtu
702 829 853 880 insuper
881 830 930 868 ad
961 828 1056 878 regii
1089 825 1298 876 splendoris
1320 823 1434 863 exse-

147 901 255 949 quias
286 895 488 936 liberaliter
513 894 674 946 praebito
690 923 702 939 ‚
728 892 890 938 vestem,
913 903 984 939 qua
1004 889 1057 928 uti
1086 888 1355 933 consueverat,
1376 898 1434 923 ar-

149 972 379 1008 morumque
407 958 634 1007 elegantiam
666 957 701 995 &
733 954 884 1006 pondus
915 951 967 990 est
1001 951 1220 990 admiratus.
1257 951 1304 989 At
1331 947 1436 998 vagi-

148 1035 239 1061 nam
262 1020 405 1072 gladii,
430 1031 543 1068 quam
575 1020 681 1066 ajunt
708 1013 862 1053 talentis
892 1011 1096 1051 constitisse
1121 1010 1436 1060 quadringentis,

151 1083 308 1124 Publius
337 1081 492 1131 quidam
515 1079 746 1123 suffuratus.
775 1077 873 1115 clam
901 1075 1148 1113 vendiderat:
1187 1074 1358 1122 itemque
1386 1071 1438 1107 ci-

151 1140 261 1185 darin
296 1144 381 1183 miri
414 1143 562 1194 operis,
600 1142 715 1190 cajus
746 1138 984 1179 Mithridatis
1018 1135 1276 1186 collactaneus
1303 1133 1438 1173 Fausto

155 1208 282 1250 Sullae.
297 1209 335 1246 in
351 1219 444 1258 quos
467 1206 610 1245 deinde
623 1203 852 1250 Pharnaces,
869 1215 908 1241 re
926 1210 1138 1249 comperta,
1156 1197 1438 1238 animadvertit.

209 1270 352 1310 LXXI.
372 1269 479 1308 Idem
499 1267 647 1306 obsides
671 1277 825 1315 quoque
839 1262 979 1302 multos
998 1261 1117 1302 Graeci
1138 1259 1361 1308 barbarique
1379 1269 1444 1308 ge·
1488 1287 1493 1296 s

154 1333 254 1374 neris
271 1331 368 1370 misit
385 1331 432 1369 ad
449 1330 698 1379 Pompejum:
716 1327 892 1366 adductis
914 1326 1028 1364 etiam
1045 1355 1055 1372 ‚
1069 1324 1133 1374 qui
1150 1322 1218 1362 Μ’.
1232 1319 1442 1371 Aquillium

154 1392 552 1443 comprehenderant,
579 1403 710 1436 orans,
731 1401 768 1426 ut
779 1389 850 1440 fibi
870 1400 932 1425 aut
949 1378 1131 1440 paternum
1145 1384 1254 1422 Ponti
1277 1396 1441 1435 regnum,

157 1468 221 1495 aut
240 1456 365 1509 saltem
382 1456 644 1507 Bosporanum,
667 1451 791 1503 quihus
806 1450 943 1500 finibus
960 1449 1151 1487 Machares
1171 1445 1346 1497 tenuzffet,
1362 1458 1443 1482 con-

156 1520 337 1573 cederetur.
372 1519 407 1556 δε
434 1517 666 1567 PompeJus,
698 1512 801 1552 illius
834 1511 921 1551 sane
951 1524 1067 1561 opera
1093 1508 1243 1549 Italiam
1271 1507 1444 1545 maximo

158 1588 267 1621 metu
287 1580 488 1620 liberatam
513 1587 710 1629 reputans,
741 1577 874 1630 fhcium
901 1577 936 1614 ‹S›
964 1575 1110 1611 amicum
1136 1571 1370 1622 appellatum
1398 1583 1450 1606 re-

155 1657 266 1700 gnare
300 1643 338 1680 in
368 1642 524 1693 Bosporo
559 1639 684 1688 jussit3
726 1639 895 1688 exceptis
928 1636 966 1674 in
993 1635 1209 1673 libertatem
1246 1632 1450 1680 Phanago-

162 1704 358 1752 renlibus,
392 1703 456 1752 qui
489 1701 704 1741 defectione
733 1700 796 1739 sua
825 1699 936 1750 primi
972 1696 1213 1747 perculerant
1239 1693 1450 1735 Mithrida-

162 1776 269 1813 tem,
301 1763 526 1813 causamque
563 1762 802 1813 praebuerant
838 1759 1045 1811 periculis,
1075 1757 1214 1808 quibus
1245 1755 1293 1794 ad
1319 1762 1453 1793 extre-

164 1840 274 1868 mum
309 1827 361 1865 est
387 1827 556 1866 obrutus.
593 1825 649 1865 Ab
676 1825 815 1863 eodem
844 1823 982 1862 merito
1012 1821 1141 1861 Castor
1159 1820 1279 1873 fhcius
1305 1818 1453 1870 amicus-

165 1903 229 1941 que
246 1888 370 1941 populi
401 1888 552 1925 Romani
580 1884 795 1936 appellatus
818 1884 896 1932 est,
922 1887 980 1933 ἃ,
1006 1892 1164 1933 accepta
1191 1881 1345 1922 Galatiae
1371 1891 1456 1930 par-

167 1957 232 1997 te,
266 1948 384 1987 filiam
417 1948 588 1996 Dejotari
619 1946 714 1996 regis
753 1946 874 1986 duxit.
903 1946 1008 1984 unde
1042 1944 1188 1984 subitus
1222 1944 1256 1981 ei
1289 1940 1450 1989 domui,
1507 1979 1511 1982 .

169 2022 244 2049 nec
279 2010 479 2048 diuturnus
504 2007 694 2058 splendor.

258 2070 422 2110 LXXII.
459 2070 652 2108 Venerunt
692 2068 832 2107 deinde
872 2066 1038 2117 praefecti
1078 2064 1345 2111 castellorum,
1375 2062 1458 2112 »qui

174 2133 414 2172 deditionem
458 2131 499 2168 in
538 2131 744 2168 adventum
779 2130 952 2178 Pompeji
986 2127 1231 2173 distulerant,
1270 2139 1319 2164 ne
1355 2125 1455 2162 forte

172 2193 369 2234 thesauros
411 2192 650 2242 diriperent,
688 2205 849 2241 quorum
883 2192 923 2228 in
958 2203 1093 2230 manus
1133 2188 1261 2227 traditi
1300 2188 1459 2233 forent,

178 2258 215 2296 ὃ(
248 2255 387 2294 deinde
414 2256 509 2294 ratio
541 2267 562 2294 a
590 2254 627 2293 se
654 2253 925 2305 reposceretur.
961 2250 1212 2292 Incredibiles
1238 2250 1303 2288 hic
1329 2259 1460 2298 reper-

233 2385 255 2424 Ε
281 2385 400 2419 LXIX.
423 2385 602 2430 Hegefipp.
624 2386 769 2427 Eutrop.
792 2383 930 2427 Joseph.
955 2383 1032 2415 Liv.
1055 2382 1149 2424 Epir.
1181 2381 1201 2425 ς
1229 2378 1332 2411 LXX.
1355 2375 1468 2409 Tacit,

180 2421 294 2516 *KR-⁵5
313 2457 322 2471 ,
336 2442 390 2474 41.
413 2430 508 2466 Max.
527 2432 610 2478 Tyr.
631 2429 703 2465 diff.
719 2430 774 2474 38.
798 2429 820 2474 5
836 2428 955 2463 LXXI.
969 2427 1060 2460 Plut.
1080 2426 1190 2460 Tacit.
1203 2423 1340 2468 Josepk.
1359 2422 1470 2465 antiq.

231 2499 242 2516 ,
295 2498 307 2508 2
