1675 2959
303 162 397 208 422
464 147 1490 198 JO.FRE1NSHEM11SUPPLEM;

355 255 617 297 LXXXVIII.
644 256 704 296 Eae
735 254 961 294 constabant
987 268 1036 295 ex
1073 256 1225 307 legione
1249 267 1440 303 XXXVI,
1465 268 1584 307 quam

295 316 419 357 solam
454 318 686 364 retinuerat,
721 316 869 355 duabus
893 317 942 355 ad
970 317 1153 358 Caesarem
1187 319 1329 367 miffis,
1361 319 1586 369 duabusque

293 377 472 429 Dejotari
497 377 735 428 legionibus,
769 389 860 426 quas
883 376 948 415 ille
973 377 1192 419 Romanum
1223 379 1264 418 in
1287 393 1435 419 morem
1461 392 1584 420 arma-

294 448 353 478 tas
372 438 630 487 institutasque
650 439 727 485 jam
757 449 777 476 a
794 437 1059 488 compluribus
1088 440 1196 478 annis
1223 440 1400 481 habebat.
1424 441 1495 481 His
1522 453 1584 480 ac-

294 500 403 540 ceffit
435 513 481 538 ex
511 497 770 538 tumultuariis
805 498 989 538 militibus
1022 501 1062 538 in
1088 500 1210 539 Ponto
1245 501 1420 541 confecta
1452 499 1581 550 legio,

292 572 386 600 cum
411 558 560 598 auxiliis
590 558 779 608 Cilicum,
807 562 844 600 ἃ
869 570 1025 600 centum
1052 561 1249 611 Dejotari,
1278 563 1443 600 totidem
1477 562 1584 601 Ario-

290 622 467 662 barzanis
503 621 710 671 equitibus.
742 621 979 672 Pharnaces,
1009 625 1178 664 adventu
1212 624 1372 664 Domitii
1394 622 1584 674 paulisper.

290 686 467 732 territus,
503 685 657 724 fraudes
680 698 905 735 mor-amque
930 690 1107 735 nectere,
1145 689 1403 741 Cappadociam
1430 685 1583 735 longius

291 746 462 785 diffitam
482 747 652 785 dimittere
666 777 680 793 ‚
715 761 786 785 non
812 748 980 785 dimittere
1003 745 1235 796 Armeniam,
1269 748 1436 797 denique
1457 747 1585 797 postu..

288 807 392 856 lare,
419 821 458 847 ut
483 809 609 861 Caesan'
636 823 690 847 res
723 810 858 861 integra
884 810 1053 862 fizrvetur.
1082 810 1130 849 At
1148 809 1357 858 Domitius,
1377 809 1584 859 indignum

289 873 454 911 nomine
476 871 630 911 Caesatis
657 874 693 911 ἂ
712 870 1026 922 populiRomani
1050 883 1212 922 putans,
1236 873 1492 911 intermittere
1515 883 1583 909 ex-

288 932 535 982 peditionem
553 961 565 980 ,
605 934 642 972 &
669 932 892 983 Bosporano
916 932 1127 983 relinquere
1150 933 1346 983 praedam,
1370 930 1582 981 Nicopolin

287 993 491 1047 proceffit,
509 993 695 1041 Armeniae
717 994 876 1033 minoris
899 995 1099 1046 oppidum.

345 1056 572 1101 LXXXIX.
588 1056 647 1096 Ibi
663 1069 753 1095 cum
775 1057 892 1096 castra
906 1057 1031 1095 vicina
1052 1055 1221 1095 hostibus
1239 1055 1419 1103 haberet,
1434 1056 1582 1095 factum

291 1119 372 1164 est,
395 1126 439 1157 ut
473 1131 522 1158 ex
547 1117 665 1159 literis
699 1119 944 1170 interceptis,
967 1118 1153 1158 Caesarem
1175 1120 1215 1157 in
1245 1131 1385 1168 magno
1412 1118 1484 1156 effe
1508 1116 1583 1156 dis-

289 1181 471 1228 crimine,
484 1179 696 1221 Pharnaces
713 1181 886 1221 disceret.
906 1182 1056 1221 Idcirco
1072 1181 1247 1221 futurum
1259 1190 1379 1228 ratus,
1395 1189 1438 1219 ut
1458 1180 1585 1218 omni-

288 1255 344 1282 no
358 1243 556 1282 discedere
569 1243 763 1283 Domitius
782 1252 954 1295 cogatur,
968 1243 1147 1283 trahendi
1163 1243 1346 1293 temporis
1359 1241 1488 1288 causa,
1503 1242 1584 1281 {ine

292 1306 532 1346 detrimento
549 1307 809 1354 auctoritatis,
834 1320 1030 1358 nunquam
1053 1306 1205 1357 longius
1226 1306 1407 1357 produxit
1428 1307 1582 1356 copias,

289 1380 408 1417 quam
439 1368 569 1417 quoad
592 1367 720 1415 foffae,
757 1368 894 1419 quibus
922 1368 970 1408 ab
1001 1378 1165 1419 utroque
1192 1368 1308 1407 latere
1334 1368 1465 1407 locum
1497 1380 1583 1406 mu..

288 1431 466 1478 niverat,
487 1431 758 1482 pertingerent.
790 1432 1030 1483 equitatum,
1052 1446 1128 1482 quo
1149 1440 1230 1471 erat
1253 1432 1447 1482 superior,
1471 1439 1582 1470 extra

287 1492 403 1532 fossas
438 1492 619 1533 habebat.
657 1495 706 1535 Et
732 1494 911 1545 processit
939 1496 974 1534 ei
1000 1494 1213 1534 confilium.
1267 1496 1411 1544 quippe
1445 1493 1582 1532 Domi..

286 1554 393 1603 tius,
417 1566 506 1594 cum
530 1555 671 1595 morari
704 1557 846 1596 diutius
873 1569 953 1595 non
981 1556 1126 1606 posset,
1150 1556 1291 1595 infecta
1321 1568 1361 1594 re
1388 1554 1583 1594 discedere

289 1622 407 1665 turpe
444 1623 619 1667 putaret,
651 1618 784 1668 iniquo
814 1617 903 1656 loco
929 1616 1208 1667 improsperum
1236 1615 1417 1666 proelium
1442 1615 1546 1656 fecit.

344 1679 431 1719 XC.
473 1679 630 1719 Pontica
670 1679 775 1731 legio
798 1689 879 1720 tota
911 1680 1030 1719 ferme
1058 1680 1213 1718 interiit.
1249 1679 1423 1728 Dejotari
1459 1678 1582 1728 copiae

289 1739 356 1780 vix
381 1739 631 1791 conspectum
668 1740 834 1780 hostium
870 1740 1064 1780 tulerunt:
1102 1740 1209 1780 sexta
1241 1742 1278 1780 &
1311 1740 1501 1779 tricesima
1530 1739 1584 1779 le-

292 1804 385 1855 gio,
414 1817 504 1844 eum
533 1812 638 1844 totus
665 1807 763 1856 regis
791 1807 984 1846 exercitus
1008 1818 1093 1844 eam
1121 1805 1278 1843 adortus
1305 1803 1417 1851 esset,
1443 1803 1584 1843 virtute

290 1863 332 1904 se
358 1865 563 1914 defendit,
599 1865 812 1916 amiffisque
843 1865 1034 1905 militibus
1066 1866 1226 1905 omnino
1258 1865 1436 1904 ducentis
1471 1865 1582 1915 quin-

293 1927 502 1977 quaginta,
528 1927 570 1964 in
586 1925 671 1965 loca
697 1927 764 1965 situ
793 1935 875 1966 tuta
901 1927 938 1966 se
963 1927 1118 1978 recepit.
1140 1927 1237 1967 Inde
1259 1917 1476 1975 Domitius]
1500 1925 1581 1965 col-

289 1987 401 2029 lec-tis
427 1988 596 2038 reliquiis
620 1988 801 2037 suorum,
832 2002 899 2039 per
924 1990 1213 2040 Cappadociam
1240 1990 1281 2028 in
1301 1988 1423 2028 Anam
1451 1989 1578 2027 rediit.

292 2050 506 2091 Pharnaces
521 2080 533 2099 ,
558 2051 653 2089 mire
675 2050 795 2090 elatus
818 2050 891 2090 hac
913 2052 1093 2099 victoria,
1112 2051 1250 2089 multas
1278 2050 1437 2088 extorsit
1457 2063 1583 2100 popu-

292 2111 334 2153 lo
351 2112 528 2152 Romano
550 2112 733 2164 sociisque
758 2115 994 2164 provincias,
1018 2113 1219 2165 Bithynia,
1244 2113 1493 2164 Cappadocia
1507 2141 1517 2159 ,
1536 2111 1581 2150 fi-

291 2173 512 2222 nitimisque
543 2173 765 2223 regionibus
800 2176 1025 2225 occupat-is,
1065 2175 1273 2225 pulfisque,
1300 2176 1364 2225 qui
1387 2173 1578 2213 beneficio

290 2234 559 2275 Romanorum
583 2232 665 2272 haec
688 2234 957 2283 obtinuerant,
978 2236 1127 2287 regulis.
1162 2237 1326 2285 Recepit
1342 2237 1376 2274 ὃς
1391 2235 1582 2283 Pontum,

286 2293 397 2334 nullo
413 2295 493 2344 jam
518 2293 752 2334 defendente
775 2310 786 2334 τ
810 2297 1014 2346 Amisoque
1036 2306 1273 2348 expugnata,
1298 2296 1492 2335 saevissime
1509 2304 1583 2334 tra-

292 2358 407 2399 navit
437 2360 473 2398 δε
501 2358 603 2401 cives
629 2359 829 2400 Romanos
846 2389 856 2407 ,
879 2361 942 2409 qui
967 2360 1021 2398 ibi
1051 2360 1374 2412 negotiabantur,
1399 2361 1436 2399 δε
1465 2358 1579 2410 oppi-

333 2475 356 2523 §
382 2474 568 2509 LXXXIX.
592 2475 673 2509 Dio.
698 2475 793 2509 H'xrt.
824 2476 902 2508 Liv.
929 2476 1019 2520 Epir„
