1675 2959
354 81 428 128 IN
460 81 645 129 LOC.
683 82 823 129 LIB.
866 82 975 129 CIX
1021 84 1167 131 LIV.
1320 100 1409 149 291

137 186 438 239 superstitionem
464 188 595 228 omissa
628 197 733 230 erat:
764 202 1041 240 nonnunquam
1067 202 1156 229 vero
1186 189 1421 240 intempesti⁸²

135 263 183 290 ve
219 251 416 301 usurpata,
445 263 531 290 cum
556 251 851 302 publicanorum
880 253 1079 303 cupiditati
1105 252 1261 302 quidam
1289 253 1418 303 ponti-

134 311 226 351 fices
255 312 453 363 gratificat-i
468 343 479 361 ,
507 314 794 363 productiorem
814 322 878 354 aut
903 314 1115 353 breviorem
1138 326 1284 353 annum
1305 327 1353 354 ex
1375 312 1420 353 il-

134 372 260 412 lorum
290 375 500 414 commodo
524 375 708 414 facerent.

192 435 271 474 Vll.
303 436 393 475 Non
427 435 501 475 alio
529 445 658 475 autem
684 435 811 475 mense
827 466 838 484 ,
864 449 977 486 quam
1001 435 1228 485 Februario,
1247 436 1422 476 interca-⁴

134 492 204 533 lari
229 494 285 533 fas
306 504 408 543 erat,
429 495 708 536 Terminalibus
728 498 806 544 jam
834 496 1008 546 peractis
1035 496 1080 535 ld
1103 509 1148 535 eo
1175 510 1328 548 quoque
1352 511 1420 537 an-

134 568 189 594 no
209 555 291 595 fieri
314 556 429 613 Curio
449 569 537 595 curn
558 557 788 607 postularet,
818 572 896 597 non
924 559 1100 609 ignorans
1127 559 1298 599 alienum
1318 560 1420 610 effe,

134 629 227 656 nam
257 619 292 657 8<
320 618 398 668 ipse
421 626 501 657 erat
524 631 570 658 eo
595 619 810 659 sacerdotio
835 621 1036 671 pra-:ditus3
1066 621 1181 659 ceteri
1216 621 1423 671 pontifices

135 678 408 720 reclamabant.
438 679 557 731 Igitur
584 693 672 720 cum
698 681 861 721 obtineri
891 694 972 719 non
1006 680 1126 730 poffet
1150 682 1198 720 de
1222 681 1422 721 intercala-

134 743 268 790 tione,
295 755 418 793 neque
446 744 563 782 etiam
595 743 671 782 hoc
704 743 881 792 volebat3
914 742 1015 792 quasi
1043 755 1110 792 per
1131 742 1252 790 iram,
1280 756 1330 782 ne
1357 755 1421 782 ce-

137 811 301 842 terarum
329 805 485 854 quidem
505 817 631 843 rerum
652 805 862 855 quidquam
879 804 937 854 agi
962 802 1087 853 passus
1106 803 1169 843 est.
1199 805 1294 844 Mox
1317 819 1426 856 aper.

134 864 210 903 tius
233 878 302 915 pro
330 865 472 905 Caesare
501 865 607 915 loqui
637 867 782 915 coepit,
822 867 857 904 &
883 877 959 914 quo
988 863 1146 913 agitaret
1182 867 1392 914 optimates
1410 876 1430 914 ‚¹

138 926 279 965 multas
296 929 437 976 jactare
456 927 578 977 leges:
605 941 684 966 non
707 927 812 977 quod
840 924 997 976 perferri
1021 924 1126 974 posse
1151 924 1337 974 speraret,
1356 928 1428 967 sed

137 986 312 1026 obtentui
338 987 536 1027 habiturus
559 989 607 1027 ad
631 988 939 1032 interceffiones,
958 998 1050 1034 quas
1076 985 1243 1035 parabat.
1266 989 1428 1027 Alimen-

139 1048 269 1082 tarium
307 1048 506 1095 inprimis,
542 1062 616 1096 qua
650 1063 808 1085 numerus
847 1045 1098 1085 definiebatur
1127 1048 1360 1087 vehiculorum
1388 1052 1425 1089 ὅ·

136 1108 298 1145 comitum
321 1109 383 1147 iter
394 1108 634 1160 fhcientibus,
654 1117 864 1159 praetextu,
891 1109 1050 1158 opinor,
1079 1107 1275 1149 Clodianae
1298 1114 1428 1163 necis,

140 1167 292 1218 aliaque
314 1171 355 1208 de
385 1171 581 1208 muniendis
601 1171 854 1224 sternendifilue
877 1170 952 1207 viis
975 1169 1294 1220 continebantur3
1320 1185 1426 1225 utque

141 1245 182 1269 ea
205 1231 340 1270 curatio
358 1232 432 1283 soli
457 1233 495 1269 in
517 1233 788 1284 quinquennium
813 1232 977 1277 daretur,
1000 1230 1161 1270 ferebat.

208 1292 309 1331 VIII.
349 1292 460 1342 Atqui
492 1292 568 1331 hoc
602 1301 717 1343 caput
751 1301 884 1330 contra
922 1292 1111 1332 Liciniam
1148 1293 1427 1346 AEbutiamque

140 1352 244 1403 leges
265 1367 435 1405 pugnare
459 1368 538 1394 non
559 1356 761 1406 ignorabat
776 1356 969 1405 ,ideoque
987 1355 1163 1403 Rullum,
1188 1357 1347 1406 Agrariae
1370 1358 1429 1397 le-

141 1416 199 1466 gis
227 1419 450 1466 auctorem,
485 1431 573 1457 cum
606 1417 739 1456 similia
767 1426 932 1467 peteret,
972 1417 1220 1457 vehementer
1251 1420 1431 1469 &agita-¹

139 1484 224 1517 tum
253 1478 388 1518 fuisse:
418 1479 482 1518 sed
507 1478 682 1519 consulto
711 1478 1004 1530 promulgabat,
1035 1479 1142 1529 quod
1174 1492 1195 1519 a
1225 1480 1428 1530 Pompeja-

140 1541 201 1579 nis
227 1539 499 1590 ,reprehensum
513 1572 524 1589 ,
544 1541 680 1590 justam
701 1540 769 1580 fibi
791 1540 943 1579 causam
968 1540 1044 1579 istis
1072 1541 1242 1591 partibus
1264 1542 1424 1580 irascen-

143 1604 184 1643 di
211 1603 353 1643 dedisse
378 1605 578 1644 videretur.
614 1604 713 1644 Cum
743 1605 841 1642 inter
872 1603 954 1643 haec
978 1602 1160 1643 Kalendae
1185 1604 1333 1643 Martiae
1364 1618 1429 1644 ve-

141 1663 308 1713 niffent,
344 1664 482 1715 quibus
515 1677 562 1704 ex
588 1662 912 1703 senatusconsulto
946 1663 1076 1702 referri
1111 1663 1158 1702 de
1194 1663 1429 1704 succeflione

144 1725 298 1765 Caesaris
314 1725 538 1776 oportebat,
564 1723 752 1774 Cajusque
767 1723 973 1764 Marcellus
989 1738 1033 1763 ea
1061 1724 1110 1764 de
1133 1737 1172 1763 re
1186 1724 1300 1764 verba
1317 1726 1431 1764 fecis-

142 1789 221 1839 set;
250 1789 437 1841 plerisque
453 1787 740 1828 assentientibus
764 1786 912 1836 collega
935 1785 1114 1825 Marcelli
1131 1785 1280 1825 Paullus
1303 1785 1426 1827 siluit:

145 1852 284 1900 Curio,
309 1851 464 1891 laudato
482 1849 655 1890 Marcelli
682 1851 811 1888 animo
827 1880 837 1897 ,
860 1851 1055 1888 addendum
1081 1849 1291 1899 monebat,
1311 1861 1429 1904 atpa-

144 1916 228 1955 rz'ter
256 1914 450 1966 Pompejus
472 1913 677 1966 provincias
705 1914 739 1951 δ’
756 1912 926 1950 exercitus
939 1912 1028 1964 suos
1048 1910 1245 1952 dimitteret.

213 1975 284 2015 IX.
320 1974 475 2014 Sciebat
508 1973 585 2012 hoc
618 1973 777 2012 minime
812 1972 1004 2011 facturum
1032 1972 1260 2021 Pompejum
1285 1972 1428 2012 Curio:

142 2034 210 2074 sed
238 2043 466 2085 praetextum
493 2033 705 2084 quaerebat,
733 2045 798 2083 per
821 2045 937 2083 quem
961 2031 1100 2080 Caesar,
1127 2044 1209 2081 quae
1234 2031 1428 2082 habebat,

144 2096 359 2136 excusatius
383 2097 573 2137 retineret.
619 2095 740 2147 Igitur
765 2096 923 2147 iniquam
959 2109 1025 2132 rem
1047 2094 1220 2146 postulare
1247 2095 1427 2153 Curionfm

145 2158 272 2199 Patres
297 2157 506 2206 dicebant,
534 2157 663 2208 Scipio
692 2155 922 2208 praesertim,
962 2155 1025 2206 qui
1061 2156 1097 2195 δε
1134 2168 1257 2206 nuper
1280 2155 1430 2195 senten-

195 2286 218 2330 §
241 2287 304 2319 Vl.
327 2288 401 2320 Cic.
429 2287 584 2321 familiari
606 2287 642 2328 8,
671 2286 703 2319 8.
731 2287 883 2320 Macrob.
911 2287 1079 2320 Saturnal.
1111 2297 1148 2326 1,
1176 2295 1228 2326 13.
1253 2284 1360 2316 Varro
1389 2284 1431 2318 de

154 2327 195 2362 L.
218 2330 256 2366 L.
270 2333 294 2365 l.
313 2342 344 2374 5.
373 2333 395 2378 §
413 2333 490 2367 VII.
515 2333 589 2368 cic.
614 2332 767 2366 familiar.
785 2331 822 2372 8.,
841 2331 874 2367 6.
896 2331 1040 2366 Diodor.
1064 2330 1086 2374 §
1105 2329 1203 2361 VIII·
1220 2329 1292 2363 Cic.
1308 2329 1347 2363 de
1363 2329 1430 2375 leg,

155 2373 234 2418 Agr.

1106 2418 1150 2465 T
1176 2435 1202 2465 2.
