1675 2959
276 149 366 199 182
436 151 528 198 JO.
566 144 1056 196 FREINSHEMII
1095 138 1463 190 SUPPLEMs

274 259 446 299 carmine
469 257 696 296 existimatio
727 253 841 301 estet,
866 257 990 303 neque
1016 250 1210 296 deessent,
1235 249 1299 300 qui
1324 246 1563 287 obtreelau'one
1602 294 1606 300 Ι

276 323 313 361 ὃ·
335 322 475 359 invidia
494 320 689 370 aliquorum
710 317 882 354 indueram
905 314 1100 366 fffiffam
1117 313 1318 366 religionem
1345 310 1567 357 crederent,

278 383 322 423 C.
353 383 447 422 Cato
475 381 638 427 veritus,
663 392 712 417 ne
739 390 795 416 res
823 375 984 416 omnino
1006 375 1326 426 supprimeretur,
1359 373 1567 412 advocatos

277 444 318 483 in
350 444 581 482 concionem
611 441 852 480 decemviros
882 436 1080 477 oraculum
1111 436 1242 485 coegit
1267 446 1475 485 exponere.
1507 432 1565 471 id-

279 520 355 559 que
376 503 658 548 recusantibus,
684 501 831 540 summa
858 496 1110 538 contentione
1128 497 1262 548 populi
1288 506 1498 544 extortum,
1519 508 1568 534 eo

281 569 464 619 cupidius
492 564 691 611 instantis,
725 575 801 613 quo
824 560 945 612 magis
967 561 1031 598 hoc
1062 573 1132 597 non
1153 559 1251 598 licere
1276 557 1490 598 sacerdotes
1515 565 1570 595 te-

279 631 486 670 stabantur.
519 639 608 665 nam
636 626 684 664 ad
716 636 801 663 eam
832 622 938 661 diem
971 619 1203 671 Sibyllinum
1235 632 1390 658 carmen
1419 618 1571 660 nullum

281 691 431 744 populo
459 688 608 729 recitari
635 685 909 732 consueverat,
935 683 1001 722 nifi
1028 683 1178 722 senatus
1200 680 1434 722 decrevisset.

337 752 525 793 LXXIX.
549 749 617 790 His
637 748 748 787 rebus
767 745 992 791 intellectis,
1013 743 1238 784 Ptolemaeus
1259 743 1408 794 optavit
1426 755 1447 781 a
1463 742 1573 782 Pom.

282 816 375 867 pejo
399 812 550 860 reduci,
569 807 872 858 codicillosque,
887 805 954 845 sub
978 805 1136 845 nomine
1159 804 1258 856 regis
1278 804 1411 855 paffim
1435 816 1501 854 per
1516 802 1575 841 fo-

283 890 367 920 rum
399 877 435 915 Sc
466 876 507 914 in
539 873 642 913 curia
678 871 846 921 sparsos,
877 867 1021 919 populo
1045 869 1091 907 A.
1117 866 1285 908 Plautius
1317 866 1492 906 tribunus
1519 877 1575 904 res-

285 938 428 978 citavit,
461 934 766 982 dicebanturque
789 930 836 969 ab
863 929 996 969 amicis
1022 928 1200 978 Pompeji
1223 927 1361 966 fimiles
1379 927 1419 965 in
1443 926 1574 965 senatu

285 998 494 1038 sententiat.
533 995 609 1045 Sed
639 994 748 1033 veriti
774 993 926 1040 Patres,
954 1003 1004 1030 ne
1030 990 1203 1040 potentia
1229 990 1319 1037 viri,
1350 988 1424 1027 hac
1448 988 1577 1038 impo-

287 1063 352 1102 sita
375 1060 596 1105 curatione,
615 1059 655 1096 in
679 1055 912 1097 immensum
934 1062 1154 1104 augeretur,
1174 1065 1240 1104 per
1263 1052 1463 1092 honestam
1487 1063 1578 1090 cau-

284 1124 367 1164 sam
392 1124 607 1163 restiterunt
621 1151 632 1170 ,
657 1135 726 1158 non
750 1117 812 1171 effi
833 1119 945 1156 vitam
966 1117 1117 1154 hominis
1137 1115 1310 1168 neceffizrii
1330 1126 1383 1153 tot
1407 1127 1579 1166 exponen„

286 1189 369 1226 dam
395 1186 556 1237 cafibus;
589 1182 777 1237 praesertim
812 1193 889 1219 cum
925 1177 1025 1217 illius
1058 1177 1296 1216 incolumitate
1322 1191 1375 1214 res
1402 1187 1476 1213 tota
1498 1173 1582 1226 ftu-

289 1248 460 1289 mentaria
483 1248 655 1284 n³teretur.
682 1242 900 1283 Demens
924 1252 1077 1291 quoque
1098 1237 1195 1284 nihil
1212 1238 1403 1278 convenit.
1432 1237 1469 1277 P.
1486 1236 1580 1276 Len-

290 1309 373 1350 tulo
399 1306 510 1347 multi
534 1305 680 1347 dabant
705 1305 904 1355 negotium
922 1334 935 1349 ,
955 1302 1021 1355 sed
1036 1303 1111 1353 fine
1139 1302 1314 1340 exercitu:
1345 1298 1493 1340 Craffus
1513 1310 1582 1335 tres

291 1374 427 1424 legatos
455 1369 708 1416 decernebat,
730 1370 780 1407 ita
801 1375 845 1406 ut
877 1379 955 1405 non
982 1364 1249 1404 excluderetur
1276 1364 1493 1413 Pompeius.
1515 1373 1583 1400 vo-

295 1435 399 1477 lebat
423 1435 528 1473 enirn
558 1433 673 1473 etiam
699 1444 745 1470 ex
772 1431 816 1470 iis
843 1430 943 1477 effe,
971 1428 1034 1479 qui
1064 1440 1153 1467 cum
1181 1426 1345 1478 imperio
1369 1424 1498 1464 essent.

351 1496 518 1537 LXXX.
548 1495 591 1535 Id
619 1494 745 1546 plures
774 1491 1022 1539 abnuebant,
1051 1505 1095 1528 ex
1118 1490 1272 1544 privatis
1299 1487 1494 1527 censentes
1514 1484 1584 1536 legi

290 1572 452 1615 oportere.
495 1559 601 1600 Unus
629 1556 885 1597 consularium
915 1556 953 1595 P.
978 1553 1159 1596 Servilius
1183 1554 1322 1592 omnino
1349 1550 1512 1601 negabat
1534 1564 1584 1586 re⁴

292 1625 507 1663 ducendum.-
544 1623 579 1661 ἃ
603 1621 641 1659 in
670 1634 754 1660 eam
783 1621 1037 1667 sententiam,
1073 1630 1163 1656 cum
1193 1611 1582 1659 interceffumvesset,

294 1683 501 1734 perscripta
528 1682 580 1720 est
609 1681 759 1720 senatus
794 1681 1010 1719 auctoritas.
1044 1677 1160 1719 Paulo
1188 1675 1271 1728 post
1293 1674 1436 1713 tribuni
1461 1672 1583 1723 plebis

296 1743 613 1796 promulgarunt:
640 1743 735 1782 Cato
754 1743 794 1780 de
817 1741 958 1793 imperio
979 1739 1128 1779 Lentulo
1149 1738 1347 1789 abrogando
1355 1752 1370 1784 ,·
1400 1734 1585 1775 Caninius

299 1807 429 1849 Gallus
453 1810 494 1845 de
518 1807 728 1853 Ptelemaeo,
751 1805 802 1841 uti
823 1818 897 1842 eum
921 1804 985 1842 Cn.
1009 1800 1198 1853 pompejus
1218 1802 1380 1851 Magnus
1401 1812 1476 1836 cum
1501 1797 1589 1834 duo-

296 1873 362 1910 bus
388 1869 562 1908 liffozibus
587 1869 764 1906 reduceret.
802 1865 901 1904 Cum
935 1863 995 1902 his
1027 1862 1138 1900 rebus
1163 1860 1327 1899 nimium
1358 1857 1586 1897 sollicitare-

297 1946 360 1973 tur
386 1933 490 1971 urbis
519 1931 652 1981 quies,
680 1927 808 1968 Clodii
835 1926 981 1966 furiofis
1011 1924 1228 1965 actionibus
1263 1922 1376 1972 plane
1404 1920 1586 1971 praecipi-

299 2005 377 2035 tata
399 1997 435 2035 ἃ
456 1994 637 2034 exstincta
663 1991 728 2031 est.
757 1990 814 2037 Is,
838 1987 1021 2029 aedilitate
1050 1986 1141 2025 inita
1159 2018 1172 2034 ,
1204 1983 1395 2029 Milonem
1425 1980 1585 2021 vicissim

301 2061 342 2096 de
366 2059 403 2095 vi
436 2055 675 2107 postulabat,
705 2054 837 2092 turham
862 2053 907 2091 ab
945 2066 983 2089 eo
1008 2053 1159 2089 coar‘lam
1191 2047 1466 2100 gladiator-<sune
1498 2044 1586 2085 infi-

301 2118 480 2163 mulans,
509 2119 544 2156 ἃ
567 2116 663 2162 alia,
684 2128 766 2165 qnae
783 2113 872 2163 ,ipse
899 2112 1021 2163 prior,
1050 2113 1086 2150 δε
1104 2109 1296 2161 proposito
1322 2108 1508 2148 deteriore
1533 2106 1587 2144 fe-

303 2188 415 2218 cerat.
442 2178 536 2219 Haec
558 2190 636 2215 non
660 2184 738 2215 tam
761 2175 825 2225 spe
839 2173 1081 2224 opprimendi
1104 2169 1263 2211 Milonis
1278 2168 1437 2218 agebat,
1468 2177 1585 2216 quam

304 2240 520 2290 cupiditate
545 2237 767 2288 exagitandi
798 2236 882 2275 suos
906 2234 1165 2280 adversarios,
1195 2243 1216 2270 a
1249 2229 1388 2281 quibus
1416 2227 1482 2266 ille
1518 2228 1585 2266 de-

304 2300 543 2344 fendebatur.
1300 2300 1304 2304 ’

349 2420 370 2463 5
402 2416 587 2451 LXXVIII.
624 2416 698 2450 Cic.
721 2416 761 2448 ad
794 2413 839 2456 Q.
869 2414 963 2446 fratr.
982 2423 1024 2453 2,
1049 2422 1081 2444 2.
1111 2410 1255 2444 Diodor.
1280 2410 1301 2454 §
1323 2408 1476 2442 LXXIX.
1503 2406 1580 2442 Cic.

300 2465 454 2499 familiar.
485 2475 521 2505 ι,
545 2475 578 2504 4.
600 2461 741 2496 Diodor.
769 2460 790 2506 5
820 2458 956 2493 LXXX.
981 2457 1071 2492 Plut.
1091 2457 1127 2490 in
1154 2456 1271 2501 Ροιῐῳ.
1294 2467 1322 2489 c.
1349 2454 1407 2489 82.
