1675 2959
259 143 341 189 IN
385 143 555 190 LOC.
599 143 736 189 LIB.
783 143 884 189 C111
932 144 1079 191 LIV.
1256 160 1349 210 127¹

69 251 245 291 ordinem
276 251 528 300 adjungeret,
567 250 778 300 publicanis
814 250 919 304 (erat
952 250 1054 289 enim
1086 263 1133 288 ex
1162 263 1208 289 eo
1242 253 1355 291 ordi-

68 313 147 361 ne.)
180 313 353 350 trientem
386 311 587 362 plebiscito
612 312 776 350 remisit:
811 310 992 350 haetenus
1021 311 1122 350 enirn
1157 312 1354 351 resistenti-

67 373 138 414 bus
163 373 414 423 quibusdam,
445 376 481 412 ἃ
507 372 701 423 praecipue
728 373 897 420 Catone,
922 372 1021 412 nihil
1050 373 1097 412 ab
1127 372 1259 412 senatu
1280 375 1353 413 im-

66 442 321 484 petraverant.

122 495 259 535 XClV.
285 495 347 535 Sic
369 495 409 533 in
430 494 604 533 ordinem
628 494 789 533 redaetis
814 494 1005 544 Patribus,
1027 494 1173 545 reliqua
1196 495 1353 535 civitate

70 555 274 603 devincta,
310 556 498 605 quidquid
524 555 673 601 voluit,
709 557 769 593 cui
798 555 950 602 voluit,
977 555 1094 594 dedit.
1126 557 1219 595 Aeta
1241 557 1356 595 Pom-

65 617 173 667 peji,
214 630 262 655 ne
285 617 364 667 ipso
396 617 551 666 quidem
577 616 673 655 ultra
707 617 894 655 renitente
933 616 1119 666 Lucullo,
1158 631 1272 668 quern
1301 619 1355 659 ita

66 677 341 717 calumniarum
364 688 470 717 metu
496 687 752 726 exterruerat,
773 689 815 717 ut
841 679 889 717 ad
913 692 1034 729 genua
1058 678 1122 718 sua
1142 681 1355 730 accideret,

67 739 214 778 nedum
241 739 321 778 aliis
337 769 347 788 ,
372 739 637 779 confirmavit:
666 740 879 790 provincias
899 769 912 786 ,
933 748 975 778 ut
995 741 1192 791 Spintheri
1218 740 1354 791 Hispa.

67 803 174 841 niam
190 833 201 851 ,
226 803 396 851 dandas,
424 802 560 852 quibus
580 802 661 852 ipse
685 811 864 852 cuperet,
891 803 1059 850 curavit3
1094 803 1142 842 de
1161 805 1274 842 variis
1299 817 1356 843 re-

70 862 166 911 bus,
192 875 238 902 ex
260 863 326 902 suo
350 865 710 913 conjuratorumque
734 863 918 902 arbitratu
938 863 1041 913 leges
1064 864 1175 903 tulit:
1203 865 1251 904 de
1274 878 1355 905 ma-

66 926 218 974 jestate,
237 926 284 962 de
305 925 522 964 sacerdotiis
535 953 547 972 ,
568 925 616 962 de
631 925 839 973 provinciis
854 955 865 972 ,
882 925 931 963 de
944 928 1189 975 repetundi33
1212 929 1353 977 paratis

63 987 108 1025 in
124 987 324 1037 quodlibet
348 986 482 1036 populi
505 985 712 1036 suffragiis,
735 1001 840 1036 quae,
855 996 989 1038 praeter
1009 997 1153 1036 cetera,
1170 989 1353 1031 ludorum

70 1049 107 1087 ἅ
138 1048 385 1086 venationum
427 1048 607 1086 mercede
635 1048 863 1098 quaesiverat.
899 1049 1039 1089 Totam
1066 1051 1232 1100 denique
1256 1065 1356 1091 rem-

70 1109 292 1160 publicam,
322 1109 465 1148 latente
493 1109 665 1161 collega,
692 1110 792 1150 solus
825 1111 1110 1153 administravit.
1140 1113 1253 1153 Unde
1285 1113 1358 1152 ho..

65 1172 187 1211 mines
216 1171 348 1210 urbani
366 1203 376 1216 ,
405 1184 487 1221 quae
513 1172 611 1221 gesta
635 1185 691 1210 eo
713 1185 814 1211 anno
839 1172 986 1220 effent,
1024 1185 1102 1212 non
1129 1182 1171 1212 ut
1200 1173 1357 1216 solitum

70 1232 223 1273 duobus
249 1231 497 1280 consulibus,
530 1231 595 1271 sed
626 1231 796 1280 ejusdem
824 1235 984 1273 nomine
1015 1245 1060 1274 ac
1089 1245 1352 1286 cognomento

68 1294 265 1345 signabant
282 1324 292 1342 ,
325 1294 423 1334 Julio
445 1293 480 1331 ὅ»
509 1295 636 1347 Caefizre
662 1296 873 1347 consulibus.

120 1356 238 1396 XCV.
275 1357 393 1395 Hunc
420 1368 544 1393 rerum
576 1355 712 1394 statum
745 1368 834 1396 cum
864 1356 977 1396 multi
1007 1367 1278 1410 gravarentur,
1318 1363 1356 1401 ἃ

73 1417 281 1467 aliquando
319 1415 438 1456 Caesar
466 1416 505 1454 in
538 1415 668 1455 senatu
696 1418 738 1455 de
768 1418 998 1470 infrequentia
1025 1430 1268 1470 quereretur3
1304 1422 1358 1471 Q.

73 1479 296 1525 Considius,
325 1493 422 1516 arma
454 1479 613 1516 nimirum
635 1480 670 1517 62
693 1479 821 1516 milites
846 1481 977 1528 timeri,
1006 1480 1215 1531 respondit.
1255 1485 1356 1534 Quiri

66 1540 176 1592 igitur
193 1552 249 1588 te,
283 1541 406 1590 inquit
430 1538 574 1587 Caesar,
603 1541 720 1577 eadem
739 1539 894 1592 formido
927 1556 995 1579 non
1020 1544 1193 1581 continuit
1226 1544 1353 1582 domi?

65 1602 170 1643 Tum
191 1602 279 1649 ille,
306 1605 369 1642 lzoc
393 1615 484 1641 metu
497 1603 655 1655 seneflus
674 1617 725 1640 me
746 1603 891 1651 liberat,
916 1618 988 1656 quae
1009 1604 1148 1656 gladiis
1173 1608 1246 1643 mis
1267 1621 1358 1658 par.

64 1679 147 1704 vam
173 1666 311 1717 reliquit
334 1665 440 1713 vitre,
462 1679 522 1703 nec
535 1666 676 1717 dignam
702 1666 1118 1716 cautionefflarticulam.
1140 1665 1246 1705 Inter
1267 1679 1351 1716 quae

67 1725 118 1774 Q,
142 1724 268 1763 Fufius
292 1723 455 1764 Calenus
485 1733 649 1774 praetor,
673 1724 959 1772 animadverso,
983 1725 1023 1764 in
1048 1724 1234 1776 suffragiis
1264 1740 1354 1776 pro·

67 1785 207 1824 miscue
235 1785 320 1824 latis
337 1816 348 1834 ,
381 1785 479 1824 bene
507 1785 678 1826 consulta
707 1786 773 1825 fibi
796 1799 988 1837 *quemque
1015 1787 1250 1835 adscribere,
1285 1788 1354 1827 de„

65 1848 243 1886 teriorem
269 1846 424 1897 culpam
452 1848 653 1886 transferre
683 1848 722 1887 in
748 1847 842 1887 alios
861 1879 873 1897 ‚
902 1848 1027 1899 legem
1056 1848 1166 1895 tulit,
1198 1850 1251 1887 uti
1278 1851 1355 1899 fin,-

64 1909 221 1961 gulorum
249 1923 423 1962 corporum
439 1909 614 1962 suffiagia
631 1911 767 1962 ftorsim
794 1910 1058 1963 colligerentur,
1086 1923 1161 1960 quo
1192 1909 1354 1959 intelligi

64 1969 200 2021 pollit,
228 1971 253 2009 fi
284 1984 385 2017 non,
411 1972 505 2021 quid
530 1972 672 2011 viritim
699 1972 937 2022 unicuique,
962 1966 1080 2023 (nam
1107 1973 1146 2011 id
1171 1973 1219 2011 ad
1250 1972 1355 2022 leges

65 2032 267 2071 solvendas
292 2031 506 2072 tabellarias
538 2032 783 2088 pertinebat)
820 2041 923 2073 certe
949 2034 1040 2084 quid
1066 2033 1227 2072 cuilibet
1254 2033 1356 2072 ordi-

68 2096 108 2134 ni
133 2094 339 2145 placuiffet.

65 2186 71 2191 >
121 2157 258 2197 XCVI.
278 2156 385 2197 Nihil
399 2157 438 2196 id
456 2157 608 2197 Caesaris
637 2158 835 2208 intererat,
856 2158 941 2209 qui,
949 2160 990 2212 fi
1005 2156 1230 2210 praefi’ntibus
1245 2158 1355 2196 ahur.-

65 2220 107 2256 de
129 2231 321 2256 contentum
344 2219 490 2266 ferens,
506 2220 693 2270 quidquid
713 2220 911 2271 cupiebat,
935 2219 1096 2257 aliorum
1121 2231 1234 2268 opera
1248 2249 1258 2267 ‚
1281 2233 1354 2260 nec

65 2291 88 2318 a
108 2278 220 2330 plebe
249 2279 393 2330 solum,
420 2280 485 2321 sed
509 2282 639 2333 postea
665 2283 780 2322 etiam
806 2296 828 2322 a
854 2282 1005 2330 senatu,
1033 2280 1350 2330 consequebatur.

118 2401 140 2444 5
169 2401 289 2434 XC111.
314 2404 386 2436 Cic.
415 2407 455 2438 ad
478 2406 584 2442 Attic.
608 2417 646 2448 2,
671 2404 702 2438 8.
732 2405 875 2440 Diodor.
903 2404 1050 2449 Appian.
1077 2403 1167 2437 Prut.
1197 2402 1218 2447 S
1243 2401 1356 2439 XCV-i

37 2456 39 2459 ·
68 2445 160 2480 Plut.
186 2447 221 2480 in
252 2447 327 2482 Cat.
352 2460 381 2483 c.
404 2448 462 2492 46.
