1675 2959
261 112 324 177 98
426 90 525 159 io.
568 108 1061 157 rRmNSHEMu
1102 108 1452 157 SUPPLEM.

328 221 415 261 XV.
450 219 527 259 Hic
554 218 669 268 igitur
697 215 900 257 Metellum
937 216 978 254 in
1007 216 1137 255 senatu
1174 215 1438 266 compellans,
1468 224 1550 255 non

265 283 346 334 egit
374 281 621 321 vehementer
648 280 684 317 Sc
705 277 772 315 illo
793 277 1007 316 Catoniano
1033 278 1168 329 spiritu
1185 309 1197 327 ‚
1216 278 1281 317 sed
1306 286 1440 328 praeter
1462 290 1549 315 ηιοὁ

260 357 345 383 rem
357 344 476 389 lenis,
497 343 612 381 etiam
630 341 680 379 ad
700 352 830 390 preces
853 339 1055 379 devolutus
1069 370 1081 389 ‚
1108 340 1332 388 admonuit,
1348 339 1550 392 nefamiliae

252 406 331 459 suae
357 407 459 443 decus
475 434 487 451 ‚
520 416 592 454 quae
616 402 750 453 semper
781 402 986 454 optimarum
1008 402 1166 453 partium
1184 402 1311 454 fuiffit
1327 432 1339 449 ‚
1371 400 1547 453 abjicerem

260 467 313 506 At
333 465 391 503 illi
408 495 418 511 ,
441 463 640 513 postquam
659 461 783 511 rogari
807 461 936 510 sensit,
964 463 1086 501 crevit
1107 463 1282 502 animus:
1315 461 1549 511 Catonisque

258 526 448 566 domitam
478 525 695 563 libertatem
721 524 856 564 cedere
880 525 947 563 fibi
972 527 1008 564 ἃ
1030 523 1282 563 succumbere
1304 532 1441 574 putans
1457 553 1469 571 ‚
1500 535 1548 561 eo

257 588 434 638 prorupit
460 587 707 633 temeritatis,
742 595 786 624 ut
813 587 873 624 vel
893 588 1006 625 invito
1026 589 1157 640 senatu
1180 599 1288 640 coepta
1311 588 1548 640 exsecuturum

258 649 415 688 diceret.
449 649 550 689 Tum
579 662 667 687 vero
690 658 838 688 mutato
868 651 945 688 oris
977 649 1112 687 habitu
1130 679 1142 697 ,
1171 651 1206 688 ἅ
1229 660 1366 688 vocem
1395 660 1439 687 ac
1463 658 1548 686 ora-

255 714 408 752 tionem
440 725 461 750 a
491 712 608 762 priori
643 711 938 751 mansuetudine
967 713 1016 751 ad
1041 712 1331 751 contentionem
1363 713 1397 751 &
1422 710 1546 749 vehe-

254 776 445 814 mentiam
471 786 679 822 revocans,
707 774 801 813 Cato
840 772 1024 812 acerrime
1053 786 1144 813 cum
1169 774 1236 813 illo
1261 774 1467 825 disputavit
1497 773 1548 812 de

254 837 465 888 republica.
490 837 680 887 postremo
707 836 873 885 adjecit,
889 835 1093 889 Pompejum
1115 848 1285 874 armatum
1297 836 1337 888 J&
1356 837 1443 874 vivo
1462 849 1548 874 vena·

255 912 371 939 turum
400 901 437 938 in
464 901 578 937 urbem
603 913 673 936 non
697 898 770 950 effi.

311 961 416 1000 XVI.
447 961 571 1000 Ambo
597 958 748 998 exivisse
780 959 828 997 de
860 957 1048 1008 potestate
1071 956 1324 996 videbantur:
1361 956 1428 996 sed
1457 956 1546 997 Me-

253 1022 369 1061 tellus
397 1022 562 1072 quadam
591 1017 768 1058 infernali
799 1017 903 1056 rabie
936 1017 1148 1064 concitari,
1177 1016 1271 1056 Cato
1300 1015 1454 1056 coelitus
1478 1017 1543 1055 af-³

252 1086 390 1126 flatum
421 1085 591 1123 furorem
625 1082 761 1121 furere.
803 1081 901 1120 Cum
933 1080 1075 1118 deinde
1108 1091 1198 1117 cum
1231 1078 1376 1129 populo
1404 1078 1544 1129 agendi

256 1150 340 1187 dies
364 1146 528 1195 adesset,
555 1147 595 1184 in
622 1157 737 1195 quem
766 1141 948 1183 Metellus
973 1150 1088 1191 atque
1116 1140 1236 1180 Caesar
1263 1141 1341 1179 vim
1375 1143 1411 1180 ὃ(
1436 1154 1544 1181 arma

253 1221 504 1264 paraverant,
535 1208 769 1260 magnusque
797 1207 998 1246 confiittus
1028 1204 1333 1255 exspectaretur3
1362 1204 1549 1243 domesti-⁴

255 1286 324 1314 cos
360 1274 496 1312 anxios
523 1272 617 1312 Cato
652 1269 915 1317 confirmavit,
947 1280 1134 1317 coenaque
1169 1267 1217 1306 de
1254 1279 1363 1305 more
1392 1265 1550 1314 sumta,

254 1336 400 1385 quievit
436 1335 487 1373 ita
519 1331 749 1383 tranquille,
786 1340 829 1370 ut
860 1343 880 1370 a
910 1331 958 1380 Q.
989 1329 1166 1369 Minucio
1193 1328 1365 1369 Thermo
1392 1328 1542 1379 collega

250 1400 354 1437 arete
384 1397 579 1435 dormiens
612 1395 852 1433 excitaretur.
893 1392 991 1432 Cum
1021 1391 1096 1430 hoc
1123 1392 1172 1431 ad
1198 1390 1388 1441 templum
1413 1390 1541 1430 Casto.

249 1461 302 1499 ris
330 1459 565 1510 progressus,
595 1457 797 1508 conspecta
829 1463 1064 1494 armatorum
1100 1454 1378 1502 multitudine,
1408 1455 1540 1493 Homi-

252 1538 337 1570 nes,
363 1522 510 1573 inquit,
533 1522 673 1559 timidos
698 1519 734 1557 δ’
759 1534 929 1571 nequam,
963 1519 1021 1570 qui
1045 1530 1163 1556 contra
1193 1532 1298 1555 unum
1320 1517 1355 1554 G·
1382 1518 1539 1555 inermem

249 1597 384 1624 tantum
403 1586 594 1636 prccfidium
620 1583 887 1635 compararunt!
920 1580 998 1620 hoc
1027 1582 1158 1627 dicio,
1187 1593 1437 1631 perrumpens
1472 1594 1540 1630 per

252 1647 411 1686 densam
440 1646 766 1685 circumstantium
789 1643 967 1692 turbam,
990 1643 1168 1683 Minucio
1193 1644 1362 1690 comite,
1387 1645 1422 1682 ἃ
1451 1643 1542 1682 Mu-

250 1711 401 1750 natium
434 1709 646 1749 amicorum
675 1709 859 1747 intimum
892 1721 1007 1746 manu
1032 1708 1095 1746 vix
1123 1707 1374 1758 pertrahens,
1402 1706 1538 1746 ceteris

250 1771 408 1810 exclusis
443 1770 645 1818 omnibus,
683 1770 855 1808 medium
885 1768 922 1808 se
948 1768 1110 1809 Metello
1138 1771 1173 1808 δε
1201 1767 1334 1808 Caesari
1366 1767 1538 1819 interpo-

249 1832 351 1880 suit,
380 1846 456 1883 quo
485 1831 724 1882 colloquium
749 1844 880 1870 eorum
908 1831 1115 1870 dirimeret.
1338 1841 1343 1846 ’

307 1893 432 1933 XVII.
458 1893 514 1932 Ibi
539 1892 720 1931 omnibus
746 1892 794 1930 de
819 1893 895 1931 vita
916 1894 997 1940 ejus
1022 1891 1248 1930 timentibus
1265 1921 1276 1939 ‚
1303 1902 1391 1929 cum
1415 1890 1537 1931 Ther..

251 1967 319 1994 mo
344 1953 491 2003 collega
516 1952 721 1992 interceffit
746 1952 833 2002 legi.
862 1952 1042 1992 Metellus
1062 1953 1160 2009 ferre
1180 1951 1453 2002 perseverabat.
1479 1951 1536 1990 illi

250 2017 411 2055 recitare
431 2014 590 2053 scribam
611 2024 823 2053 vetuerunt.
846 2014 972 2059 Tum,
997 2023 1146 2063 arrepto
1169 2014 1331 2061 codice,
1357 2013 1537 2053 Metellus

250 2076 412 2116 instituit
439 2077 595 2115 recitare
617 2089 626 2115 1
655 2076 748 2114 Cato
777 2076 810 2113 ei
835 2075 990 2114 extorsit
1016 2075 1204 2113 codicem.
1233 2073 1440 2121 Metellus,
1469 2074 1536 2124 qui

249 2140 473 2178 memoriter
498 2138 654 2176 tenebat
685 2138 800 2176 verba
832 2137 951 2187 legis,
991 2137 1247 2175 nihilominus
1276 2149 1358 2175 eam
1388 2135 1534 2186 populo

243 2201 444 2253 satagebat
478 2213 695 2251 exponere:
729 2213 818 2239 cum
847 2200 1038 2241 Thermus
1070 2199 1243 2250 opposita
1273 2211 1390 2237 manu
1423 2210 1534 2237 com·

295 2336 318 2380 ς
343 2335 418 2368 XV.
446 2335 518 2368 Cic
546 2347 606 2379 pro
637 2335 780 2367 Muraen.
809 2347 837 2368 c.
869 2336 929 2376 38,
952 2335 1110 2367 &famiL
1170 2361 1179 2373 ‚
1204 2344 1236 2365 2.
1255 2334 1334 2366 val.
1360 2332 1456 2364 Max.
1481 2342 1531 2374 9⁹

254 2392 307 2418 14.
331 2375 419 2412 Plnt
451 2348 586 2424 §XVPL
613 2381 755 2413 Sueton.
780 2381 814 2412 in
845 2379 929 2413 Caes.
950 2391 978 2413 c.
1002 2381 1054 2413 16.
1082 2379 1170 2412 Plut.
1193 2378 1267 2411 Cic.
1292 2390 1354 2422 pro
1381 2377 1475 2410 Sext.
1500 2388 1533 2411 c.

250 2434 305 2468 29
332 2426 473 2461 Diodor.
496 2428 518 2459 i.
543 2435 597 2470 37.
