<?xml version="1.0" encoding="UTF-8"?>
<!DOCTYPE html PUBLIC "-//W3C//DTD XHTML 1.0 Transitional//EN"
    "http://www.w3.org/TR/xhtml1/DTD/xhtml1-transitional.dtd">
<html xmlns="http://www.w3.org/1999/xhtml" xml:lang="en" lang="en">
 <head>
  <title>
</title>
<meta http-equiv="Content-Type" content="text/html;charset=utf-8" />
  <meta name='ocr-system' content='tesseract 3.04.00' />
  <meta name='ocr-capabilities' content='ocr_page ocr_carea ocr_par ocr_line ocrx_word'/>
</head>
<body>
  <div class='ocr_page' id='page_1' title='image "./historiarumlibri10livyuoft_0218.png"; bbox 0 0 1675 2959; ppageno 0'>
   <div class='ocr_carea' id='block_1_1' title="bbox 251 133 1466 211">
    <p class='ocr_par' dir='ltr' id='par_1_1' title="bbox 251 133 1466 211">
     <span class='ocr_line' id='line_1_1' title="bbox 251 133 1466 211; baseline -0.01 -18"><span class='ocrx_word' id='word_1_1' title='bbox 251 160 351 211; x_wconf 73' lang='lat'>‘¹92</span> <span class='ocrx_word' id='word_1_2' title='bbox 419 143 513 190; x_wconf 86' lang='lat' dir='ltr'>JO.</span> <span class='ocrx_word' id='word_1_3' title='bbox 556 136 1059 187; x_wconf 78' lang='lat' dir='ltr'>FREINSHEMII</span> <span class='ocrx_word' id='word_1_4' title='bbox 1098 133 1466 182; x_wconf 78' lang='lat' dir='ltr'><strong>SUPPLEM.·</strong></span> 
     </span>
    </p>
   </div>
   <div class='ocr_carea' id='block_1_2' title="bbox 238 235 1570 1717">
    <p class='ocr_par' dir='ltr' id='par_1_2' title="bbox 255 235 1545 851">
     <span class='ocr_line' id='line_1_2' title="bbox 259 235 1532 304; baseline -0.013 -11"><span class='ocrx_word' id='word_1_5' title='bbox 259 249 579 304; x_wconf 82' lang='lat' dir='ltr'>terquiescerent,</span> <span class='ocrx_word' id='word_1_6' title='bbox 614 255 680 286; x_wconf 87' lang='lat' dir='ltr'>aut</span> <span class='ocrx_word' id='word_1_7' title='bbox 706 245 836 286; x_wconf 78' lang='lat' dir='ltr'>saltem</span> <span class='ocrx_word' id='word_1_8' title='bbox 863 235 990 282; x_wconf 79' lang='lat' dir='ltr'>hieme</span> <span class='ocrx_word' id='word_1_9' title='bbox 1015 242 1318 290; x_wconf 75' lang='lat' dir='ltr'>remitterentur-3</span> <span class='ocrx_word' id='word_1_10' title='bbox 1349 240 1391 279; x_wconf 82' lang='lat' dir='ltr'>in</span> <span class='ocrx_word' id='word_1_11' title='bbox 1416 237 1532 287; x_wconf 84' lang='lat' dir='ltr'>urbe,</span> 
     </span>
     <span class='ocr_line' id='line_1_3' title="bbox 259 301 1536 356; baseline -0.012 -3"><span class='ocrx_word' id='word_1_12' title='bbox 259 328 338 354; x_wconf 91' lang='lat' dir='ltr'>non</span> <span class='ocrx_word' id='word_1_13' title='bbox 364 309 670 356; x_wconf 83' lang='lat' dir='ltr'>conditionibus,</span> <span class='ocrx_word' id='word_1_14' title='bbox 697 319 775 345; x_wconf 86' lang='lat' dir='ltr'>non</span> <span class='ocrx_word' id='word_1_15' title='bbox 804 316 976 354; x_wconf 82' lang='lat' dir='ltr'>tempore</span> <span class='ocrx_word' id='word_1_16' title='bbox 1003 302 1168 341; x_wconf 73' lang='lat' dir='ltr'>leniente</span> <span class='ocrx_word' id='word_1_17' title='bbox 1192 303 1290 350; x_wconf 77' lang='lat' dir='ltr'>iras,</span> <span class='ocrx_word' id='word_1_18' title='bbox 1316 301 1392 340; x_wconf 79' lang='lat' dir='ltr'>fine</span> <span class='ocrx_word' id='word_1_19' title='bbox 1419 302 1536 339; x_wconf 75' lang='lat' dir='ltr'>inter-</span> 
     </span>
     <span class='ocr_line' id='line_1_4' title="bbox 260 363 1536 418; baseline -0.013 -1"><span class='ocrx_word' id='word_1_20' title='bbox 260 376 434 418; x_wconf 79' lang='lat' dir='ltr'>miffione</span> <span class='ocrx_word' id='word_1_21' title='bbox 460 371 686 411; x_wconf 79' lang='lat' dir='ltr'>certabatur.</span> <span class='ocrx_word' id='word_1_22' title='bbox 716 369 826 408; x_wconf 81' lang='lat' dir='ltr'>Nova</span> <span class='ocrx_word' id='word_1_23' title='bbox 850 369 884 406; x_wconf 86' lang='lat'>&amp;</span> <span class='ocrx_word' id='word_1_24' title='bbox 902 367 1034 416; x_wconf 85' lang='lat' dir='ltr'>ingens</span> <span class='ocrx_word' id='word_1_25' title='bbox 1060 367 1256 405; x_wconf 85' lang='lat' dir='ltr'>contentio</span> <span class='ocrx_word' id='word_1_26' title='bbox 1285 377 1330 404; x_wconf 73' lang='lat' dir='ltr'>ex</span> <span class='ocrx_word' id='word_1_27' title='bbox 1353 377 1397 402; x_wconf 90' lang='lat' dir='ltr'>eo</span> <span class='ocrx_word' id='word_1_28' title='bbox 1420 363 1536 402; x_wconf 86' lang='lat' dir='ltr'>surre-</span> 
     </span>
     <span class='ocr_line' id='line_1_5' title="bbox 259 424 1538 485; baseline -0.013 -8"><span class='ocrx_word' id='word_1_29' title='bbox 259 446 390 482; x_wconf 72' lang='lat' dir='ltr'>xerat,</span> <span class='ocrx_word' id='word_1_30' title='bbox 417 434 520 485; x_wconf 87' lang='lat' dir='ltr'>quod</span> <span class='ocrx_word' id='word_1_31' title='bbox 556 434 615 472; x_wconf 78' lang='lat' dir='ltr'>Cn.</span> <span class='ocrx_word' id='word_1_32' title='bbox 639 428 831 482; x_wconf 72' lang='lat' dir='ltr'>Pompcjus</span> <span class='ocrx_word' id='word_1_33' title='bbox 848 457 858 475; x_wconf 78' lang='lat'>-,</span> <span class='ocrx_word' id='word_1_34' title='bbox 885 429 941 466; x_wconf 90' lang='lat' dir='ltr'>M.</span> <span class='ocrx_word' id='word_1_35' title='bbox 976 426 1135 478; x_wconf 77' lang='lat' dir='ltr'>Craffics‚</span> <span class='ocrx_word' id='word_1_36' title='bbox 1162 438 1258 476; x_wconf 88' lang='lat' dir='ltr'>quos</span> <span class='ocrx_word' id='word_1_37' title='bbox 1285 425 1397 465; x_wconf 84' lang='lat' dir='ltr'>ullius</span> <span class='ocrx_word' id='word_1_38' title='bbox 1426 424 1538 463; x_wconf 82' lang='lat' dir='ltr'>bonae</span> 
     </span>
     <span class='ocr_line' id='line_1_6' title="bbox 259 487 1542 540; baseline -0.013 -2"><span class='ocrx_word' id='word_1_39' title='bbox 259 498 316 540; x_wconf 79' lang='lat' dir='ltr'>rei</span> <span class='ocrx_word' id='word_1_40' title='bbox 351 495 459 536; x_wconf 80' lang='lat' dir='ltr'>causa</span> <span class='ocrx_word' id='word_1_41' title='bbox 488 505 576 532; x_wconf 88' lang='lat' dir='ltr'>cum</span> <span class='ocrx_word' id='word_1_42' title='bbox 611 489 752 530; x_wconf 83' lang='lat' dir='ltr'>Caesare</span> <span class='ocrx_word' id='word_1_43' title='bbox 785 488 894 527; x_wconf 84' lang='lat' dir='ltr'>fuisse</span> <span class='ocrx_word' id='word_1_44' title='bbox 929 500 1045 527; x_wconf 86' lang='lat' dir='ltr'>nemo</span> <span class='ocrx_word' id='word_1_45' title='bbox 1082 487 1287 535; x_wconf 80' lang='lat' dir='ltr'>credebat,</span> <span class='ocrx_word' id='word_1_46' title='bbox 1324 487 1542 539; x_wconf 69' lang='lat' dir='ltr'>consulatum</span> 
     </span>
     <span class='ocr_line' id='line_1_7' title="bbox 255 546 1542 614; baseline -0.012 -16"><span class='ocrx_word' id='word_1_47' title='bbox 255 560 401 614; x_wconf 76' lang='lat' dir='ltr'>petituri</span> <span class='ocrx_word' id='word_1_48' title='bbox 423 554 670 594; x_wconf 82' lang='lat' dir='ltr'>dicebantur:</span> <span class='ocrx_word' id='word_1_49' title='bbox 695 564 777 601; x_wconf 85' lang='lat' dir='ltr'>quae</span> <span class='ocrx_word' id='word_1_50' title='bbox 806 562 863 588; x_wconf 80' lang='lat' dir='ltr'>res</span> <span class='ocrx_word' id='word_1_51' title='bbox 888 548 992 587; x_wconf 82' lang='lat' dir='ltr'>haud</span> <span class='ocrx_word' id='word_1_52' title='bbox 1018 547 1135 587; x_wconf 88' lang='lat' dir='ltr'>dubie</span> <span class='ocrx_word' id='word_1_53' title='bbox 1165 547 1212 586; x_wconf 90' lang='lat' dir='ltr'>ad</span> <span class='ocrx_word' id='word_1_54' title='bbox 1245 546 1542 597; x_wconf 82' lang='lat' dir='ltr'>opprimendam</span> 
     </span>
     <span class='ocr_line' id='line_1_8' title="bbox 263 608 1543 666; baseline -0.013 -5"><span class='ocrx_word' id='word_1_55' title='bbox 263 621 479 663; x_wconf 83' lang='lat' dir='ltr'>libertatem</span> <span class='ocrx_word' id='word_1_56' title='bbox 501 614 726 666; x_wconf 82' lang='lat' dir='ltr'>pertinebat.</span> <span class='ocrx_word' id='word_1_57' title='bbox 765 613 813 653; x_wconf 90' lang='lat' dir='ltr'>Et</span> <span class='ocrx_word' id='word_1_58' title='bbox 838 610 1087 651; x_wconf 72' lang='lat' dir='ltr'>occultabant</span> <span class='ocrx_word' id='word_1_59' title='bbox 1107 609 1161 648; x_wconf 92' lang='lat' dir='ltr'>illi</span> <span class='ocrx_word' id='word_1_60' title='bbox 1186 608 1384 648; x_wconf 78' lang='lat' dir='ltr'>consilium</span> <span class='ocrx_word' id='word_1_61' title='bbox 1406 608 1543 652; x_wconf 79' lang='lat' dir='ltr'>suum,</span> 
     </span>
     <span class='ocr_line' id='line_1_9' title="bbox 266 666 1545 733; baseline -0.012 -12"><span class='ocrx_word' id='word_1_62' title='bbox 266 683 352 733; x_wconf 88' lang='lat' dir='ltr'>quia</span> <span class='ocrx_word' id='word_1_63' title='bbox 382 681 421 719; x_wconf 88' lang='lat' dir='ltr'>in</span> <span class='ocrx_word' id='word_1_64' title='bbox 447 691 493 717; x_wconf 94' lang='lat' dir='ltr'>eo</span> <span class='ocrx_word' id='word_1_65' title='bbox 521 676 674 726; x_wconf 84' lang='lat' dir='ltr'>negotio</span> <span class='ocrx_word' id='word_1_66' title='bbox 690 705 702 723; x_wconf 80' lang='lat'>,</span> <span class='ocrx_word' id='word_1_67' title='bbox 727 674 832 724; x_wconf 88' lang='lat' dir='ltr'>quod</span> <span class='ocrx_word' id='word_1_68' title='bbox 856 685 945 712; x_wconf 89' lang='lat' dir='ltr'>eum</span> <span class='ocrx_word' id='word_1_69' title='bbox 976 685 1015 710; x_wconf 88' lang='lat' dir='ltr'>re</span> <span class='ocrx_word' id='word_1_70' title='bbox 1047 671 1237 719; x_wconf 84' lang='lat' dir='ltr'>insolens,</span> <span class='ocrx_word' id='word_1_71' title='bbox 1264 680 1348 709; x_wconf 82' lang='lat' dir='ltr'>tum</span> <span class='ocrx_word' id='word_1_72' title='bbox 1372 666 1545 719; x_wconf 82' lang='lat' dir='ltr'>tempore</span> 
     </span>
     <span class='ocr_line' id='line_1_10' title="bbox 270 729 1545 793; baseline -0.011 -10"><span class='ocrx_word' id='word_1_73' title='bbox 270 745 438 784; x_wconf 87' lang='lat' dir='ltr'>alienum</span> <span class='ocrx_word' id='word_1_74' title='bbox 461 748 564 787; x_wconf 79' lang='lat' dir='ltr'>erat⁷</span> <span class='ocrx_word' id='word_1_75' title='bbox 591 740 696 793; x_wconf 84' lang='lat' dir='ltr'>(non</span> <span class='ocrx_word' id='word_1_76' title='bbox 725 737 824 775; x_wconf 83' lang='lat' dir='ltr'>enim</span> <span class='ocrx_word' id='word_1_77' title='bbox 854 743 962 774; x_wconf 84' lang='lat' dir='ltr'>erant</span> <span class='ocrx_word' id='word_1_78' title='bbox 993 733 1173 784; x_wconf 81' lang='lat' dir='ltr'>legitimis</span> <span class='ocrx_word' id='word_1_79' title='bbox 1197 732 1332 772; x_wconf 89' lang='lat' dir='ltr'>diebus</span> <span class='ocrx_word' id='word_1_80' title='bbox 1360 729 1545 783; x_wconf 86' lang='lat' dir='ltr'>profeffi)</span> 
     </span>
     <span class='ocr_line' id='line_1_11' title="bbox 271 799 1145 851; baseline -0.013 -6"><span class='ocrx_word' id='word_1_81' title='bbox 271 804 494 846; x_wconf 81' lang='lat' dir='ltr'>metuebant</span> <span class='ocrx_word' id='word_1_82' title='bbox 511 831 521 851; x_wconf 84' lang='lat'><strong>‚</strong></span> <span class='ocrx_word' id='word_1_83' title='bbox 549 813 598 839; x_wconf 92' lang='lat' dir='ltr'>ne</span> <span class='ocrx_word' id='word_1_84' title='bbox 631 799 793 839; x_wconf 65' lang='lat' dir='ltr'>validius</span> <span class='ocrx_word' id='word_1_85' title='bbox 821 805 1145 848; x_wconf 82' lang='lat' dir='ltr'>oppugnarentur.</span> 
     </span>
    </p>

    <p class='ocr_par' dir='ltr' id='par_1_3' title="bbox 272 851 1569 1603">
     <span class='ocr_line' id='line_1_12' title="bbox 322 851 1552 907; baseline -0.013 0"><span class='ocrx_word' id='word_1_86' title='bbox 322 867 371 907; x_wconf 84' lang='grc' dir='ltr'>ΙΙ.</span> <span class='ocrx_word' id='word_1_87' title='bbox 399 865 501 905; x_wconf 79' lang='lat' dir='ltr'>Nam</span> <span class='ocrx_word' id='word_1_88' title='bbox 537 862 606 903; x_wconf 91' lang='lat' dir='ltr'>Cn.</span> <span class='ocrx_word' id='word_1_89' title='bbox 640 860 822 901; x_wconf 77' lang='lat' dir='ltr'>Lentulus</span> <span class='ocrx_word' id='word_1_90' title='bbox 850 857 1098 899; x_wconf 80' lang='lat' dir='ltr'>Marcellinus</span> <span class='ocrx_word' id='word_1_91' title='bbox 1128 856 1324 907; x_wconf 86' lang='lat' dir='ltr'>egregium</span> <span class='ocrx_word' id='word_1_92' title='bbox 1354 851 1552 905; x_wconf 74' lang='lat' dir='ltr'>praestabat</span> 
     </span>
     <span class='ocr_line' id='line_1_13' title="bbox 272 912 1553 972; baseline -0.012 -4"><span class='ocrx_word' id='word_1_93' title='bbox 272 926 496 968; x_wconf 83' lang='lat' dir='ltr'>consulem:</span> <span class='ocrx_word' id='word_1_94' title='bbox 529 925 565 962; x_wconf 76' lang='lat' dir='ltr'>Sc</span> <span class='ocrx_word' id='word_1_95' title='bbox 597 922 685 972; x_wconf 81' lang='lat' dir='ltr'>quia</span> <span class='ocrx_word' id='word_1_96' title='bbox 718 920 782 959; x_wconf 78' lang='lat' dir='ltr'>ille.</span> <span class='ocrx_word' id='word_1_97' title='bbox 811 919 968 958; x_wconf 87' lang='lat' dir='ltr'>comitia</span> <span class='ocrx_word' id='word_1_98' title='bbox 992 925 1070 956; x_wconf 86' lang='lat' dir='ltr'>erat</span> <span class='ocrx_word' id='word_1_99' title='bbox 1096 912 1321 963; x_wconf 83' lang='lat' dir='ltr'>habiturus,</span> <span class='ocrx_word' id='word_1_100' title='bbox 1352 925 1424 953; x_wconf 83' lang='lat' dir='ltr'>nec</span> <span class='ocrx_word' id='word_1_101' title='bbox 1456 914 1553 953; x_wconf 86' lang='lat' dir='ltr'>alio-</span> 
     </span>
     <span class='ocr_line' id='line_1_14' title="bbox 273 975 1554 1041; baseline -0.009 -13"><span class='ocrx_word' id='word_1_102' title='bbox 273 990 368 1041; x_wconf 89' lang='lat' dir='ltr'>quin</span> <span class='ocrx_word' id='word_1_103' title='bbox 394 984 598 1026; x_wconf 87' lang='lat' dir='ltr'>imbecillis</span> <span class='ocrx_word' id='word_1_104' title='bbox 632 992 734 1031; x_wconf 78' lang='lat' dir='ltr'>erat,</span> <span class='ocrx_word' id='word_1_105' title='bbox 761 981 864 1020; x_wconf 82' lang='lat' dir='ltr'>haud</span> <span class='ocrx_word' id='word_1_106' title='bbox 900 979 1092 1019; x_wconf 84' lang='lat' dir='ltr'>immerito</span> <span class='ocrx_word' id='word_1_107' title='bbox 1122 977 1340 1017; x_wconf 88' lang='lat' dir='ltr'>timebatur.</span> <span class='ocrx_word' id='word_1_108' title='bbox 1383 977 1470 1025; x_wconf 72' lang='lat' dir='ltr'>Jain</span> <span class='ocrx_word' id='word_1_109' title='bbox 1495 975 1554 1016; x_wconf 77' lang='grc' dir='ltr'>Μ.</span> 
     </span>
     <span class='ocr_line' id='line_1_15' title="bbox 274 1037 1556 1099; baseline -0.013 -7"><span class='ocrx_word' id='word_1_110' title='bbox 274 1052 394 1097; x_wconf 78' lang='lat' dir='ltr'>Cato,</span> <span class='ocrx_word' id='word_1_111' title='bbox 410 1061 477 1099; x_wconf 86' lang='lat' dir='ltr'>per</span> <span class='ocrx_word' id='word_1_112' title='bbox 492 1046 714 1086; x_wconf 84' lang='lat' dir='ltr'>affinitatem</span> <span class='ocrx_word' id='word_1_113' title='bbox 738 1042 902 1082; x_wconf 81' lang='lat' dir='ltr'>consulis</span> <span class='ocrx_word' id='word_1_114' title='bbox 918 1042 958 1081; x_wconf 93' lang='lat' dir='ltr'>L.</span> <span class='ocrx_word' id='word_1_115' title='bbox 976 1039 1162 1091; x_wconf 83' lang='lat' dir='ltr'>Philippi,</span> <span class='ocrx_word' id='word_1_116' title='bbox 1185 1040 1295 1087; x_wconf 85' lang='lat' dir='ltr'>cujus</span> <span class='ocrx_word' id='word_1_117' title='bbox 1309 1037 1426 1077; x_wconf 85' lang='lat' dir='ltr'>filiam</span> <span class='ocrx_word' id='word_1_118' title='bbox 1451 1037 1556 1077; x_wconf 75' lang='lat' dir='ltr'>Mar-</span> 
     </span>
     <span class='ocr_line' id='line_1_16' title="bbox 279 1099 1555 1156; baseline -0.013 -3"><span class='ocrx_word' id='word_1_119' title='bbox 279 1114 379 1154; x_wconf 84' lang='lat' dir='ltr'>ciam</span> <span class='ocrx_word' id='word_1_120' title='bbox 411 1112 598 1156; x_wconf 79' lang='lat' dir='ltr'>duxerat,</span> <span class='ocrx_word' id='word_1_121' title='bbox 623 1106 888 1146; x_wconf 67' lang='lat' dir='ltr'>auctoritatem</span> <span class='ocrx_word' id='word_1_122' title='bbox 923 1116 1044 1155; x_wconf 84' lang='lat' dir='ltr'>prope</span> <span class='ocrx_word' id='word_1_123' title='bbox 1078 1101 1312 1141; x_wconf 87' lang='lat' dir='ltr'>consularem</span> <span class='ocrx_word' id='word_1_124' title='bbox 1340 1099 1555 1139; x_wconf 82' lang='lat' dir='ltr'>obtinebat.</span> 
     </span>
     <span class='ocr_line' id='line_1_17' title="bbox 278 1161 1559 1223; baseline -0.013 -8"><span class='ocrx_word' id='word_1_125' title='bbox 278 1176 432 1216; x_wconf 82' lang='lat' dir='ltr'>Idcirco</span> <span class='ocrx_word' id='word_1_126' title='bbox 463 1183 599 1223; x_wconf 83' lang='lat' dir='ltr'>parum</span> <span class='ocrx_word' id='word_1_127' title='bbox 618 1167 748 1208; x_wconf 75' lang='lat' dir='ltr'>confisi</span> <span class='ocrx_word' id='word_1_128' title='bbox 770 1166 939 1214; x_wconf 61' lang='lat' dir='ltr'>viribus,</span> <span class='ocrx_word' id='word_1_129' title='bbox 962 1164 1037 1203; x_wconf 81' lang='lat' dir='ltr'>hoc</span> <span class='ocrx_word' id='word_1_130' title='bbox 1063 1163 1252 1214; x_wconf 85' lang='lat' dir='ltr'>agebant,</span> <span class='ocrx_word' id='word_1_131' title='bbox 1277 1171 1319 1201; x_wconf 85' lang='lat' dir='ltr'>ut</span> <span class='ocrx_word' id='word_1_132' title='bbox 1351 1161 1441 1201; x_wconf 85' lang='lat' dir='ltr'>dolo</span> <span class='ocrx_word' id='word_1_133' title='bbox 1477 1172 1559 1199; x_wconf 83' lang='lat' dir='ltr'>rem</span> 
     </span>
     <span class='ocr_line' id='line_1_18' title="bbox 282 1223 1558 1281; baseline -0.013 -4"><span class='ocrx_word' id='word_1_134' title='bbox 282 1239 513 1278; x_wconf 79' lang='lat' dir='ltr'>obtinerent.</span> <span class='ocrx_word' id='word_1_135' title='bbox 553 1234 592 1272; x_wconf 85' lang='lat' dir='ltr'>id</span> <span class='ocrx_word' id='word_1_136' title='bbox 633 1232 729 1271; x_wconf 87' lang='lat' dir='ltr'>adeo</span> <span class='ocrx_word' id='word_1_137' title='bbox 771 1228 957 1281; x_wconf 82' lang='lat' dir='ltr'>putabant</span> <span class='ocrx_word' id='word_1_138' title='bbox 991 1226 1274 1279; x_wconf 77' lang='lat' dir='ltr'>processurum,</span> <span class='ocrx_word' id='word_1_139' title='bbox 1313 1225 1335 1263; x_wconf 84' lang='lat' dir='ltr'>{i</span> <span class='ocrx_word' id='word_1_140' title='bbox 1377 1233 1458 1264; x_wconf 77' lang='lat' dir='ltr'>&#39;toto</span> <span class='ocrx_word' id='word_1_141' title='bbox 1489 1223 1558 1262; x_wconf 85' lang='lat' dir='ltr'>illo</span> 
     </span>
     <span class='ocr_line' id='line_1_19' title="bbox 281 1287 1561 1346; baseline -0.013 -5"><span class='ocrx_word' id='word_1_142' title='bbox 281 1313 382 1341; x_wconf 84' lang='lat' dir='ltr'>anno</span> <span class='ocrx_word' id='word_1_143' title='bbox 410 1296 568 1338; x_wconf 85' lang='lat' dir='ltr'>comitia</span> <span class='ocrx_word' id='word_1_144' title='bbox 597 1295 887 1346; x_wconf 85' lang='lat' dir='ltr'>impedirentur.</span> <span class='ocrx_word' id='word_1_145' title='bbox 926 1292 974 1330; x_wconf 77' lang='lat' dir='ltr'>sic</span> <span class='ocrx_word' id='word_1_146' title='bbox 1009 1291 1111 1330; x_wconf 86' lang='lat' dir='ltr'>enim</span> <span class='ocrx_word' id='word_1_147' title='bbox 1144 1287 1348 1328; x_wconf 79' lang='lat' dir='ltr'>necessario</span> <span class='ocrx_word' id='word_1_148' title='bbox 1378 1288 1561 1326; x_wconf 82' lang='lat' dir='ltr'>decurre-</span> 
     </span>
     <span class='ocr_line' id='line_1_20' title="bbox 282 1349 1561 1407; baseline -0.013 -5"><span class='ocrx_word' id='word_1_149' title='bbox 282 1363 396 1403; x_wconf 89' lang='lat' dir='ltr'>batur</span> <span class='ocrx_word' id='word_1_150' title='bbox 423 1360 471 1400; x_wconf 87' lang='lat' dir='ltr'>ad</span> <span class='ocrx_word' id='word_1_151' title='bbox 499 1359 786 1407; x_wconf 86' lang='lat' dir='ltr'>interregnum,</span> <span class='ocrx_word' id='word_1_152' title='bbox 815 1353 971 1405; x_wconf 74' lang='lat' dir='ltr'>ipsisque</span> <span class='ocrx_word' id='word_1_153' title='bbox 997 1351 1160 1403; x_wconf 82' lang='lat' dir='ltr'>spatium</span> <span class='ocrx_word' id='word_1_154' title='bbox 1189 1349 1375 1395; x_wconf 72' lang='lat' dir='ltr'>dabatur,</span> <span class='ocrx_word' id='word_1_155' title='bbox 1400 1360 1475 1398; x_wconf 86' lang='lat' dir='ltr'>quo</span> <span class='ocrx_word' id='word_1_156' title='bbox 1496 1358 1561 1397; x_wconf 87' lang='lat' dir='ltr'>pe-</span> 
     </span>
     <span class='ocr_line' id='line_1_21' title="bbox 281 1407 1564 1468; baseline -0.014 -5"><span class='ocrx_word' id='word_1_157' title='bbox 281 1432 364 1464; x_wconf 77' lang='lat' dir='ltr'>tere</span> <span class='ocrx_word' id='word_1_158' title='bbox 389 1420 599 1461; x_wconf 86' lang='lat' dir='ltr'>secundum</span> <span class='ocrx_word' id='word_1_159' title='bbox 617 1417 718 1468; x_wconf 88' lang='lat' dir='ltr'>leges</span> <span class='ocrx_word' id='word_1_160' title='bbox 743 1418 777 1456; x_wconf 75' lang='grc' dir='ltr'>δι</span> <span class='ocrx_word' id='word_1_161' title='bbox 801 1413 980 1464; x_wconf 81' lang='lat' dir='ltr'>consequi</span> <span class='ocrx_word' id='word_1_162' title='bbox 1008 1411 1265 1462; x_wconf 63' lang='lat' dir='ltr'>magistratum</span> <span class='ocrx_word' id='word_1_163' title='bbox 1294 1408 1453 1460; x_wconf 82' lang='lat' dir='ltr'>possent.</span> <span class='ocrx_word' id='word_1_164' title='bbox 1476 1407 1564 1447; x_wconf 79' lang='lat' dir='ltr'>Ido-</span> 
     </span>
     <span class='ocr_line' id='line_1_22' title="bbox 285 1469 1565 1529; baseline -0.015 -3"><span class='ocrx_word' id='word_1_165' title='bbox 285 1499 382 1527; x_wconf 86' lang='lat' dir='ltr'>neus</span> <span class='ocrx_word' id='word_1_166' title='bbox 402 1484 587 1529; x_wconf 76' lang='lat' dir='ltr'>audacia,</span> <span class='ocrx_word' id='word_1_167' title='bbox 615 1483 650 1521; x_wconf 70' lang='grc' dir='ltr'>δε</span> <span class='ocrx_word' id='word_1_168' title='bbox 671 1477 848 1519; x_wconf 81' lang='lat' dir='ltr'>adversus</span> <span class='ocrx_word' id='word_1_169' title='bbox 875 1476 1045 1515; x_wconf 82' lang='lat' dir='ltr'>senatum</span> <span class='ocrx_word' id='word_1_170' title='bbox 1072 1474 1190 1519; x_wconf 81' lang='lat' dir='ltr'>odio,</span> <span class='ocrx_word' id='word_1_171' title='bbox 1212 1473 1253 1513; x_wconf 85' lang='lat' dir='ltr'>C.</span> <span class='ocrx_word' id='word_1_172' title='bbox 1269 1472 1364 1511; x_wconf 81' lang='lat' dir='ltr'>Cato</span> <span class='ocrx_word' id='word_1_173' title='bbox 1390 1469 1565 1509; x_wconf 82' lang='lat' dir='ltr'>tribunus</span> 
     </span>
     <span class='ocr_line' id='line_1_23' title="bbox 288 1531 1569 1603; baseline -0.016 -14"><span class='ocrx_word' id='word_1_174' title='bbox 288 1550 413 1603; x_wconf 84' lang='lat' dir='ltr'>plebis</span> <span class='ocrx_word' id='word_1_175' title='bbox 431 1547 479 1587; x_wconf 91' lang='lat' dir='ltr'>ad</span> <span class='ocrx_word' id='word_1_176' title='bbox 505 1545 580 1585; x_wconf 87' lang='lat' dir='ltr'>hoc</span> <span class='ocrx_word' id='word_1_177' title='bbox 607 1541 853 1583; x_wconf 85' lang='lat' dir='ltr'>ministerium</span> <span class='ocrx_word' id='word_1_178' title='bbox 877 1538 1099 1584; x_wconf 79' lang='lat' dir='ltr'>videbatur,</span> <span class='ocrx_word' id='word_1_179' title='bbox 1126 1548 1239 1586; x_wconf 84' lang='lat' dir='ltr'>quem</span> <span class='ocrx_word' id='word_1_180' title='bbox 1264 1533 1386 1572; x_wconf 81' lang='lat' dir='ltr'>multa</span> <span class='ocrx_word' id='word_1_181' title='bbox 1412 1533 1461 1572; x_wconf 89' lang='lat' dir='ltr'>de</span> <span class='ocrx_word' id='word_1_182' title='bbox 1487 1531 1569 1570; x_wconf 72' lang='lat' dir='ltr'>Cae-</span> 
     </span>
    </p>

    <p class='ocr_par' dir='ltr' id='par_1_4' title="bbox 238 1595 1538 1660">
     <span class='ocr_line' id='line_1_24' title="bbox 238 1595 1538 1660; baseline -0.015 -6"><span class='ocrx_word' id='word_1_183' title='bbox 238 1638 240 1641; x_wconf 40' lang='lat' dir='ltr'>v</span> <span class='ocrx_word' id='word_1_184' title='bbox 288 1615 369 1655; x_wconf 78' lang='lat' dir='ltr'>sure</span> <span class='ocrx_word' id='word_1_185' title='bbox 392 1613 490 1651; x_wconf 86' lang='lat' dir='ltr'>ferre</span> <span class='ocrx_word' id='word_1_186' title='bbox 508 1616 701 1660; x_wconf 82' lang='lat' dir='ltr'>parantem</span> <span class='ocrx_word' id='word_1_187' title='bbox 716 1603 868 1650; x_wconf 74' lang='lat' dir='ltr'>consul,</span> <span class='ocrx_word' id='word_1_188' title='bbox 896 1601 1034 1651; x_wconf 84' lang='lat' dir='ltr'>aliique</span> <span class='ocrx_word' id='word_1_189' title='bbox 1051 1600 1243 1651; x_wconf 85' lang='lat' dir='ltr'>principes</span> <span class='ocrx_word' id='word_1_190' title='bbox 1260 1595 1538 1647; x_wconf 78' lang='lat' dir='ltr'>impediebant.</span> 
     </span>
    </p>

    <p class='ocr_par' dir='ltr' id='par_1_5' title="bbox 344 1656 1570 1717">
     <span class='ocr_line' id='line_1_25' title="bbox 344 1656 1570 1717; baseline -0.02 0"><span class='ocrx_word' id='word_1_191' title='bbox 344 1676 414 1717; x_wconf 90' lang='grc' dir='ltr'><strong>ΙΙΙ.</strong></span> <span class='ocrx_word' id='word_1_192' title='bbox 439 1672 566 1715; x_wconf 84' lang='lat' dir='ltr'>Facile</span> <span class='ocrx_word' id='word_1_193' title='bbox 590 1671 654 1710; x_wconf 89' lang='lat' dir='ltr'>hic</span> <span class='ocrx_word' id='word_1_194' title='bbox 669 1667 905 1709; x_wconf 62' lang='lat' dir='ltr'>transductus</span> <span class='ocrx_word' id='word_1_195' title='bbox 925 1666 964 1704; x_wconf 88' lang='lat' dir='ltr'>in</span> <span class='ocrx_word' id='word_1_196' title='bbox 987 1671 1111 1715; x_wconf 80' lang='lat' dir='ltr'>partes</span> <span class='ocrx_word' id='word_1_197' title='bbox 1126 1692 1137 1709; x_wconf 82' lang='lat'>‚</span> <span class='ocrx_word' id='word_1_198' title='bbox 1157 1660 1285 1713; x_wconf 81' lang='lat' dir='ltr'>palam</span> <span class='ocrx_word' id='word_1_199' title='bbox 1311 1656 1570 1697; x_wconf 81' lang='lat' dir='ltr'>concionaba-</span> 
     </span>
    </p>
   </div>
   <div class='ocr_carea' id='block_1_3' title="bbox 294 1718 1624 1787">
    <p class='ocr_par' dir='ltr' id='par_1_6' title="bbox 294 1718 1624 1787">
     <span class='ocr_line' id='line_1_26' title="bbox 294 1718 1624 1787; baseline -0.019 -8"><span class='ocrx_word' id='word_1_200' title='bbox 294 1747 385 1787; x_wconf 87' lang='lat' dir='ltr'>tur,</span> <span class='ocrx_word' id='word_1_201' title='bbox 420 1736 561 1776; x_wconf 72' lang='lat' dir='ltr'>comitia</span> <span class='ocrx_word' id='word_1_202' title='bbox 590 1733 708 1772; x_wconf 73' lang='lat' dir='ltr'>haberi</span> <span class='ocrx_word' id='word_1_203' title='bbox 735 1745 801 1768; x_wconf 79' lang='lat' dir='ltr'>non</span> <span class='ocrx_word' id='word_1_204' title='bbox 819 1731 992 1780; x_wconf 68' lang='lat' dir='ltr'>fiturum,</span> <span class='ocrx_word' id='word_1_205' title='bbox 1015 1728 1052 1778; x_wconf 90' lang='lat' dir='ltr'><em>fi</em></span> <span class='ocrx_word' id='word_1_206' title='bbox 1069 1726 1137 1777; x_wconf 79' lang='lat' dir='ltr'>fibi</span> <span class='ocrx_word' id='word_1_207' title='bbox 1173 1738 1247 1762; x_wconf 77' lang='lat' dir='ltr'>cum</span> <span class='ocrx_word' id='word_1_208' title='bbox 1283 1721 1416 1774; x_wconf 82' lang='lat' dir='ltr'>populo</span> <span class='ocrx_word' id='word_1_209' title='bbox 1445 1718 1574 1771; x_wconf 76' lang='lat' dir='ltr'>agendi</span> <span class='ocrx_word' id='word_1_210' title='bbox 1617 1743 1624 1748; x_wconf 90' lang='lat'>-</span> 
     </span>
    </p>
   </div>
   <div class='ocr_carea' id='block_1_4' title="bbox 297 1782 1573 1850">
    <p class='ocr_par' dir='ltr' id='par_1_7' title="bbox 297 1782 1573 1850">
     <span class='ocr_line' id='line_1_27' title="bbox 297 1782 1573 1850; baseline -0.018 -7"><span class='ocrx_word' id='word_1_211' title='bbox 297 1802 423 1843; x_wconf 82' lang='lat' dir='ltr'>exemti</span> <span class='ocrx_word' id='word_1_212' title='bbox 454 1800 528 1837; x_wconf 85' lang='lat' dir='ltr'>dies</span> <span class='ocrx_word' id='word_1_213' title='bbox 559 1797 670 1850; x_wconf 69' lang='lat' dir='ltr'>efflat.</span> <span class='ocrx_word' id='word_1_214' title='bbox 707 1795 861 1843; x_wconf 83' lang='lat' dir='ltr'>Propter</span> <span class='ocrx_word' id='word_1_215' title='bbox 896 1790 977 1829; x_wconf 70' lang='lat' dir='ltr'>liaec</span> <span class='ocrx_word' id='word_1_216' title='bbox 1008 1791 1043 1828; x_wconf 73' lang='grc' dir='ltr'>ἃ</span> <span class='ocrx_word' id='word_1_217' title='bbox 1076 1801 1123 1827; x_wconf 76' lang='lat' dir='ltr'>ex</span> <span class='ocrx_word' id='word_1_218' title='bbox 1146 1786 1205 1826; x_wconf 84' lang='lat' dir='ltr'>his</span> <span class='ocrx_word' id='word_1_219' title='bbox 1227 1796 1308 1825; x_wconf 84' lang='lat' dir='ltr'>orta</span> <span class='ocrx_word' id='word_1_220' title='bbox 1341 1782 1573 1830; x_wconf 77' lang='lat' dir='ltr'>certamina,</span> 
     </span>
    </p>
   </div>
   <div class='ocr_carea' id='block_1_5' title="bbox 297 1844 1578 1966">
    <p class='ocr_par' dir='ltr' id='par_1_8' title="bbox 297 1844 1578 1966">
     <span class='ocr_line' id='line_1_28' title="bbox 300 1844 1575 1902; baseline -0.017 0"><span class='ocrx_word' id='word_1_221' title='bbox 300 1875 388 1902; x_wconf 84' lang='lat' dir='ltr'>cum</span> <span class='ocrx_word' id='word_1_222' title='bbox 417 1859 566 1899; x_wconf 85' lang='lat' dir='ltr'>senatus</span> <span class='ocrx_word' id='word_1_223' title='bbox 581 1856 717 1895; x_wconf 86' lang='lat' dir='ltr'>vestem</span> <span class='ocrx_word' id='word_1_224' title='bbox 739 1850 935 1898; x_wconf 72' lang='lat' dir='ltr'>mutasset,</span> <span class='ocrx_word' id='word_1_225' title='bbox 960 1862 1081 1900; x_wconf 83' lang='lat' dir='ltr'>neque</span> <span class='ocrx_word' id='word_1_226' title='bbox 1103 1859 1230 1887; x_wconf 83' lang='lat' dir='ltr'>tamen</span> <span class='ocrx_word' id='word_1_227' title='bbox 1247 1846 1341 1885; x_wconf 86' lang='lat' dir='ltr'>Cato</span> <span class='ocrx_word' id='word_1_228' title='bbox 1368 1844 1575 1894; x_wconf 84' lang='lat' dir='ltr'>quidquam</span> 
     </span>
     <span class='ocr_line' id='line_1_29' title="bbox 297 1905 1578 1966; baseline -0.016 -3"><span class='ocrx_word' id='word_1_229' title='bbox 297 1923 528 1966; x_wconf 80' lang='lat' dir='ltr'>remitterct3</span> <span class='ocrx_word' id='word_1_230' title='bbox 556 1915 799 1957; x_wconf 80' lang='lat' dir='ltr'>Marcellinus</span> <span class='ocrx_word' id='word_1_231' title='bbox 816 1910 946 1951; x_wconf 87' lang='lat' dir='ltr'>consul</span> <span class='ocrx_word' id='word_1_232' title='bbox 970 1909 1204 1949; x_wconf 80' lang='lat' dir='ltr'>luculentam</span> <span class='ocrx_word' id='word_1_233' title='bbox 1225 1908 1272 1946; x_wconf 88' lang='lat' dir='ltr'>ad</span> <span class='ocrx_word' id='word_1_234' title='bbox 1290 1905 1474 1957; x_wconf 83' lang='lat' dir='ltr'>populum</span> <span class='ocrx_word' id='word_1_235' title='bbox 1497 1916 1578 1943; x_wconf 78' lang='lat' dir='ltr'>ora-</span> 
     </span>
    </p>
   </div>
   <div class='ocr_carea' id='block_1_6' title="bbox 299 1967 1585 2271">
    <p class='ocr_par' dir='ltr' id='par_1_9' title="bbox 299 1967 1585 2271">
     <span class='ocr_line' id='line_1_30' title="bbox 299 1967 1578 2030; baseline -0.016 -6"><span class='ocrx_word' id='word_1_236' title='bbox 299 1985 448 2025; x_wconf 85' lang='lat' dir='ltr'>tionem</span> <span class='ocrx_word' id='word_1_237' title='bbox 472 1981 519 2020; x_wconf 87' lang='lat' dir='ltr'>de</span> <span class='ocrx_word' id='word_1_238' title='bbox 539 1976 782 2030; x_wconf 76' lang='lat' dir='ltr'>praesentibus</span> <span class='ocrx_word' id='word_1_239' title='bbox 806 1973 963 2020; x_wconf 83' lang='lat' dir='ltr'>habuit,</span> <span class='ocrx_word' id='word_1_240' title='bbox 991 1972 1182 2022; x_wconf 68' lang='lat' dir='ltr'>reipublicae</span> <span class='ocrx_word' id='word_1_241' title='bbox 1203 1967 1405 2018; x_wconf 81' lang='lat' dir='ltr'>deplorans</span> <span class='ocrx_word' id='word_1_242' title='bbox 1425 1967 1578 2019; x_wconf 68' lang='lat' dir='ltr'>statum,</span> 
     </span>
     <span class='ocr_line' id='line_1_31' title="bbox 305 2026 1574 2100; baseline -0.017 -15"><span class='ocrx_word' id='word_1_243' title='bbox 305 2061 378 2100; x_wconf 79' lang='lat' dir='ltr'>quoe</span> <span class='ocrx_word' id='word_1_244' title='bbox 400 2059 468 2083; x_wconf 87' lang='lat' dir='ltr'>non</span> <span class='ocrx_word' id='word_1_245' title='bbox 497 2044 540 2081; x_wconf 81' lang='lat' dir='ltr'>ab</span> <span class='ocrx_word' id='word_1_246' title='bbox 573 2041 682 2085; x_wconf 82' lang='lat' dir='ltr'>aliis,</span> <span class='ocrx_word' id='word_1_247' title='bbox 721 2052 821 2089; x_wconf 76' lang='lat' dir='ltr'>quam</span> <span class='ocrx_word' id='word_1_248' title='bbox 854 2051 914 2087; x_wconf 75' lang='lat' dir='ltr'>per</span> <span class='ocrx_word' id='word_1_249' title='bbox 944 2048 1030 2086; x_wconf 78' lang='lat' dir='ltr'>quos</span> <span class='ocrx_word' id='word_1_250' title='bbox 1057 2032 1192 2079; x_wconf 61' lang='lat' dir='ltr'>deflendi</span> <span class='ocrx_word' id='word_1_251' title='bbox 1221 2046 1295 2069; x_wconf 71' lang='lat' dir='ltr'>eam</span> <span class='ocrx_word' id='word_1_252' title='bbox 1330 2043 1444 2067; x_wconf 72' lang='lat' dir='ltr'>verum</span> <span class='ocrx_word' id='word_1_253' title='bbox 1474 2026 1574 2078; x_wconf 54' lang='lat' dir='ltr'>effer,</span> 
     </span>
     <span class='ocr_line' id='line_1_32' title="bbox 308 2087 1580 2158; baseline -0.017 -11"><span class='ocrx_word' id='word_1_254' title='bbox 308 2110 423 2147; x_wconf 72' lang='lat' dir='ltr'>acrius</span> <span class='ocrx_word' id='word_1_255' title='bbox 446 2115 653 2158; x_wconf 80' lang='lat' dir='ltr'>premeremr.</span> <span class='ocrx_word' id='word_1_256' title='bbox 683 2099 808 2140; x_wconf 80' lang='lat' dir='ltr'>Moesti</span> <span class='ocrx_word' id='word_1_257' title='bbox 835 2096 1030 2137; x_wconf 75' lang='lat' dir='ltr'>adstabant</span> <span class='ocrx_word' id='word_1_258' title='bbox 1057 2095 1203 2141; x_wconf 81' lang='lat' dir='ltr'>Patres,</span> <span class='ocrx_word' id='word_1_259' title='bbox 1229 2090 1427 2142; x_wconf 73' lang='lat' dir='ltr'>positisque</span> <span class='ocrx_word' id='word_1_260' title='bbox 1456 2087 1580 2137; x_wconf 81' lang='lat' dir='ltr'>digni-</span> 
     </span>
     <span class='ocr_line' id='line_1_33' title="bbox 312 2148 1583 2216; baseline -0.019 -7"><span class='ocrx_word' id='word_1_261' title='bbox 312 2170 397 2210; x_wconf 82' lang='lat' dir='ltr'>tatis</span> <span class='ocrx_word' id='word_1_262' title='bbox 423 2166 658 2216; x_wconf 75' lang='lat' dir='ltr'>insignibus,</span> <span class='ocrx_word' id='word_1_263' title='bbox 683 2163 951 2202; x_wconf 82' lang='lat' dir='ltr'>illacrimantes</span> <span class='ocrx_word' id='word_1_264' title='bbox 985 2168 1096 2207; x_wconf 81' lang='lat' dir='ltr'>atque</span> <span class='ocrx_word' id='word_1_265' title='bbox 1122 2163 1340 2206; x_wconf 84' lang='lat' dir='ltr'>gementes,</span> <span class='ocrx_word' id='word_1_266' title='bbox 1374 2150 1476 2188; x_wconf 82' lang='lat' dir='ltr'>haud</span> <span class='ocrx_word' id='word_1_267' title='bbox 1511 2148 1583 2186; x_wconf 76' lang='lat' dir='ltr'>rni-</span> 
     </span>
     <span class='ocr_line' id='line_1_34' title="bbox 313 2210 1585 2271; baseline -0.019 0"><span class='ocrx_word' id='word_1_268' title='bbox 313 2244 446 2271; x_wconf 85' lang='lat' dir='ltr'>norem</span> <span class='ocrx_word' id='word_1_269' title='bbox 471 2228 634 2267; x_wconf 86' lang='lat' dir='ltr'>tacendo</span> <span class='ocrx_word' id='word_1_270' title='bbox 663 2222 1034 2263; x_wconf 81' lang='lat' dir='ltr'>commiserationem</span> <span class='ocrx_word' id='word_1_271' title='bbox 1060 2215 1284 2262; x_wconf 77' lang='lat' dir='ltr'>hominurn,</span> <span class='ocrx_word' id='word_1_272' title='bbox 1314 2224 1426 2263; x_wconf 84' lang='lat' dir='ltr'>quam</span> <span class='ocrx_word' id='word_1_273' title='bbox 1453 2210 1585 2249; x_wconf 84' lang='lat' dir='ltr'>dicen-</span> 
     </span>
    </p>
   </div>
   <div class='ocr_carea' id='block_1_7' title="bbox 321 2287 810 2338">
    <p class='ocr_par' dir='ltr' id='par_1_10' title="bbox 321 2287 810 2338">
     <span class='ocr_line' id='line_1_35' title="bbox 321 2287 810 2338; baseline -0.025 -4"><span class='ocrx_word' id='word_1_274' title='bbox 321 2295 372 2335; x_wconf 84' lang='lat' dir='ltr'>do</span> <span class='ocrx_word' id='word_1_275' title='bbox 396 2290 551 2338; x_wconf 87' lang='lat' dir='ltr'>consul,</span> <span class='ocrx_word' id='word_1_276' title='bbox 578 2287 810 2328; x_wconf 70' lang='lat' dir='ltr'>excitabant,</span> 
     </span>
    </p>
   </div>
   <div class='ocr_carea' id='block_1_8' title="bbox 323 2382 1587 2499">
    <p class='ocr_par' dir='ltr' id='par_1_11' title="bbox 323 2382 1587 2499">
     <span class='ocr_line' id='line_1_36' title="bbox 323 2382 1587 2455; baseline -0.018 -13"><span class='ocrx_word' id='word_1_277' title='bbox 323 2412 344 2454; x_wconf 57' lang='grc' dir='ltr'>ξ’</span> <span class='ocrx_word' id='word_1_278' title='bbox 373 2411 395 2455; x_wconf 69' lang='grc' dir='ltr'><strong>ς</strong></span> <span class='ocrx_word' id='word_1_279' title='bbox 421 2409 445 2440; x_wconf 84' lang='lat'>1.</span> <span class='ocrx_word' id='word_1_280' title='bbox 469 2406 558 2440; x_wconf 77' lang='lat' dir='ltr'>I’Iut.</span> <span class='ocrx_word' id='word_1_281' title='bbox 576 2403 609 2438; x_wconf 89' lang='lat' dir='ltr'>in</span> <span class='ocrx_word' id='word_1_282' title='bbox 630 2399 732 2437; x_wconf 61' lang='lat' dir='ltr'>craft.</span> <span class='ocrx_word' id='word_1_283' title='bbox 759 2414 786 2435; x_wconf 91' lang='lat' dir='ltr'>c.</span> <span class='ocrx_word' id='word_1_284' title='bbox 808 2408 860 2440; x_wconf 71' lang='lat'>27.</span> <span class='ocrx_word' id='word_1_285' title='bbox 883 2397 1023 2432; x_wconf 84' lang='lat' dir='ltr'>Diodor.</span> <span class='ocrx_word' id='word_1_286' title='bbox 1058 2396 1078 2441; x_wconf 83' lang='lat'>§</span> <span class='ocrx_word' id='word_1_287' title='bbox 1101 2394 1142 2429; x_wconf 75' lang='grc' dir='ltr'>Π.</span> <span class='ocrx_word' id='word_1_288' title='bbox 1165 2392 1289 2436; x_wconf 59' lang='lat' dir='ltr'>vcilcj.</span> <span class='ocrx_word' id='word_1_289' title='bbox 1317 2404 1354 2435; x_wconf 89' lang='lat'>2,</span> <span class='ocrx_word' id='word_1_290' title='bbox 1376 2390 1430 2432; x_wconf 83' lang='lat'>46.</span> <span class='ocrx_word' id='word_1_291' title='bbox 1447 2382 1519 2424; x_wconf 63' lang='lat' dir='ltr'>Cic.</span> <span class='ocrx_word' id='word_1_292' title='bbox 1547 2387 1587 2420; x_wconf 79' lang='lat' dir='ltr'>ad</span> 
     </span>
     <span class='ocr_line' id='line_1_37' title="bbox 330 2440 1293 2499; baseline -0.02 -10"><span class='ocrx_word' id='word_1_293' title='bbox 330 2455 377 2499; x_wconf 82' lang='lat' dir='ltr'>Q.</span> <span class='ocrx_word' id='word_1_294' title='bbox 400 2455 494 2489; x_wconf 65' lang='lat' dir='ltr'>fiatr.</span> <span class='ocrx_word' id='word_1_295' title='bbox 518 2468 530 2485; x_wconf 73' lang='grc'>.-</span> <span class='ocrx_word' id='word_1_296' title='bbox 546 2477 556 2494; x_wconf 84' lang='grc'><em>,</em></span> <span class='ocrx_word' id='word_1_297' title='bbox 582 2462 611 2493; x_wconf 79' lang='lat'>5.</span> <span class='ocrx_word' id='word_1_298' title='bbox 635 2450 655 2494; x_wconf 67' lang='lat'><strong>5</strong></span> <span class='ocrx_word' id='word_1_299' title='bbox 678 2450 738 2483; x_wconf 72' lang='lat' dir='ltr'>ln.</span> <span class='ocrx_word' id='word_1_300' title='bbox 758 2449 847 2481; x_wconf 67' lang='grc' dir='ltr'>Μαι.</span> <span class='ocrx_word' id='word_1_301' title='bbox 868 2448 902 2480; x_wconf 84' lang='lat' dir='ltr'>in</span> <span class='ocrx_word' id='word_1_302' title='bbox 925 2445 999 2478; x_wconf 75' lang='lat' dir='ltr'>Cat.</span> <span class='ocrx_word' id='word_1_303' title='bbox 1016 2456 1045 2477; x_wconf 76' lang='lat' dir='ltr'>c,</span> <span class='ocrx_word' id='word_1_304' title='bbox 1074 2453 1126 2484; x_wconf 76' lang='lat'>50.</span> <span class='ocrx_word' id='word_1_305' title='bbox 1151 2440 1293 2473; x_wconf 69' lang='lat' dir='ltr'>Diodor-</span> 
     </span>
    </p>
   </div>
  </div>
 </body>
</html>
