1675 2959
243 152 323 199 IN
369 148 715 198 LOC.L113.
752 146 908 194 XCIX
955 146 1102 194 LIV.
1220 158 1336 213 ;¹5

51 260 184 311 speetu
207 259 321 297 maris
337 259 378 296 in
401 255 688 295 mediterraneis
711 254 808 304 agris
831 252 1064 296 collocavit:
1090 251 1263 292 futurum
1279 266 1338 293 ra-

51 333 142 371 ως,
164 330 206 360 ut
227 320 445 361 necestitate
462 323 498 359 ἃ
518 318 718 357 occasione
732 347 742 364 ,
766 317 916 356 duobus
937 315 1168 366 nequiflimis
1186 317 1341 356 consul-

49 385 221 433 toribus,
254 390 421 430 remota,
453 380 571 431 quieti
597 379 738 418 deinde
762 379 964 427 pacatique
989 377 1170 433 viverent.
1212 376 1338 417 Simul

50 444 252 486 solitudini
282 443 491 482 multorum
515 441 752 493 oppidorum
775 438 1068 478 consulebatur:
1100 440 1135 477 ἃ
1155 439 1253 478 inter
1277 440 1360 478 ce-v

49 515 134 546 tera
158 505 328 552 Mallus,
351 507 386 545 δι
407 505 541 544 Adana
556 534 570 551 ‚
594 505 629 542 ἃ
653 500 905 552 Epsphanea,
936 500 996 540 his
1024 499 1236 553 cultoribus
1267 501 1323 541 fre

53 576 235 620 quentata
259 566 356 606 sunt.
1307 584 1310 588 ·

110 629 320 671 XXXVII.
345 630 389 670 In
414 626 592 669 Solotum
616 626 732 664 etiam
755 624 916 672 urbem,
936 636 1052 675 quam
1072 623 1258 674 Tigranes
1272 633 1349 663 nus

56 704 127 742 per
149 691 357 738 afflixerat,
391 688 633 727 instauratam
662 688 879 726 introduxit
912 699 958 725 ex
989 700 1035 726 eo
1063 700 1202 738 genere
1225 687 1349 726 hone-

58 753 259 794 stiffimum
290 764 509 803 quemque,
549 751 674 800 deque
706 749 774 789 suo
795 750 967 804 'nomine
996 751 1125 789 vocari
1156 752 1354 804 Pompejod

55 814 159 868 polin
180 811 306 862 jussit,
332 811 577 850 immunitate
601 809 791 849 concessa.
819 809 1037 850 Nonnullos
1055 811 1171 849 etiam
1193 811 1350 862 Dymen

62 876 188 923 misit,
221 874 326 924 quod
351 872 502 920 Achajae
527 872 739 921 oppidum,
764 884 854 910 cum
881 884 1012 921 agrum
1041 871 1162 910 latum
1191 874 1227 910 ὅ(
1250 873 1353 922 opti-

62 947 173 974 mum
210 932 403 980 haberet,
443 931 722 970 habitatoribus
758 932 978 982 infrequens
1021 941 1137 972 erat:
1179 932 1275 971 alios
1310 933 1354 972 in

64 995 269 1042 Calabria,
304 992 494 1032 attributis
531 994 579 1032 ad
608 993 816 1032 colendum
850 995 976 1044 agris,
1015 993 1236 1036 collocavit.
1274 995 1355 1034 Hic

62 1058 138 1098 fuit
174 1055 265 1096 belli
300 1064 381 1094 tam
421 1054 675 1094 formidabilis
707 1056 861 1104 exitus,
893 1068 970 1105 quo
1003 1071 1115 1094 naves
1145 1068 1354 1109 expugnaret

63 1123 140 1159 duae
155 1121 191 1159 ἃ
207 1119 433 1172 septuaginta
448 1148 460 1166 ,
483 1119 608 1155 deditae
629 1129 782 1156 trecentae
798 1119 887 1171 sex,
903 1127 1125 1166 narrantur,
1146 1133 1212 1171 quo
1230 1120 1268 1156 in
1287 1134 1356 1157 nu-

69 1195 158 1221 mero
183 1181 334 1233 rostratae
353 1178 548 1231 nonaginta
557 1178 724 1230 filerunt:
745 1180 875 1232 oppida
897 1180 1100 1233 castellaque
1124 1193 1256 1232 recepta
1278 1194 1355 1219 cen-

67 1256 140 1282 tum
163 1242 319 1294 viginti.-
341 1242 541 1294 praedonum
568 1241 832 1292 repugnantium
862 1243 949 1295 caesa
970 1243 1080 1280 decem
1104 1240 1231 1279 millia.
1269 1252 1356 1290 quae

68 1312 177 1343 tanta
213 1313 326 1352 opera
355 1300 532 1339 trimestri
567 1299 688 1350 spatio
716 1300 890 1340 confec‘ta
920 1301 1025 1350 sunt,
1066 1312 1110 1339 ea
1143 1299 1357 1346 felicitate,

69 1373 116 1404 ut
149 1377 198 1403 ne
223 1375 298 1402 una
325 1362 483 1412 quidem
514 1363 623 1399 navis
653 1361 830 1400 Romana
853 1361 1147 1409 defideraretu13
1183 1374 1227 1400 ea
1261 1375 1358 1411 quo-

72 1426 434 1477 queperpetuitate
457 1423 649 1471 victoriae,
679 1433 722 1462 ut
751 1425 881 1474 postea
913 1422 1129 1474 longissima
1161 1430 1271 1462 aetate
1298 1423 1361 1475 pi-⁴

71 1497 171 1528 ratas
197 1488 341 1526 circum
368 1499 412 1525 ea
437 1488 556 1525 maria
579 1498 695 1525 nemo
723 1486 871 1525 viderit.

141 1549 368 1592 XXXVIII.
403 1549 505 1589 Tam
538 1548 695 1599 prosper
730 1548 895 1587 externis
929 1547 1042 1587 rebus
1078 1561 1225 1597 annus,
1253 1556 1362 1588 totus

72 1615 197 1654 ferme
225 1612 455 1652 tumultibus
486 1613 522 1651 &
548 1611 747 1650 discordiis
774 1612 814 1649 in
845 1611 940 1650 urbe
964 1611 1172 1650 transacffus
1199 1611 1261 1651 est.
1298 1611 1360 1651 In-

73 1684 133 1714 ter
164 1673 254 1712 alias
283 1672 412 1711 causas
446 1671 645 1710 turbarum
670 1671 837 1711 ambitus
865 1679 972 1720 erat,
1009 1672 1209 1722 permultis
1236 1674 1362 1722 proxi-

77 1748 142 1776 ma
173 1734 330 1774 censura
355 1733 486 1773 senatu
516 1735 656 1780 motis,
690 1735 725 1772 &
754 1733 929 1772 ordinem
958 1733 1132 1784 quolibet
1158 1736 1278 1773 modo
1304 1747 1364 1773 re-

78 1810 259 1848 cuperare
285 1795 589 1847 properantibus,
622 1796 773 1836 Idcirco
797 1796 838 1835 C.
863 1796 1062 1836 Cornelius
1086 1796 1261 1835 tribunus
1275 1796 1378 1847 ple-x

79 1861 164 1910 bis,
201 1861 317 1898 iratus
342 1857 513 1906 senatui,
541 1857 646 1906 quod
671 1857 897 1897 relationem
924 1860 1032 1907 ejus,
1058 1869 1100 1895 ne
1126 1859 1205 1910 quis
1234 1857 1366 1909 legatis

78 1939 274 1967 exterarum
293 1924 472 1961 nationum
493 1922 676 1974 pecuniam
708 1924 892 1974 expensam
914 1923 1021 1975 ferret
1037 1951 1049 1970 ‚
1078 1921 1228 1960 senatus
1254 1933 1368 1970 repu-

83 1989 276 2034 diaverat,
312 1985 360 2024 de
390 1984 538 2024 ambitu
571 1983 718 2022 ferebat
744 1982 892 2034 Iegem,
928 1995 1015 2021 cum
1049 1982 1292 2021 acerbissimis
1323 1983 1368 2020 in

84 2051 348 2101 delinquentes
389 2048 528 2099 poenis.
568 2046 749 2087 Placebat
779 2058 823 2084 ea
852 2059 909 2084 res
937 2045 1113 2096 popu103
1140 2045 1204 2084 sed
1236 2045 1367 2084 Patres

81 2115 316 2154 terribiliorem
340 2113 482 2165 specie,
511 2124 616 2162 quam
649 2108 1027 2162 ffffu‘robustiorem‚
1055 2108 1161 2160 legem
1197 2105 1370 2155 causati,

83 2177 253 2216 conulem
275 2174 366 2226 ferre
397 2172 581 2222 jusserunt
606 2167 731 2222 legern,
765 2170 817 2207 uti
838 2169 1055 2207 condemnati
1088 2167 1240 2205 ambitsss
1263 2179 1370 2217 neque

83 2238 303 2289 magistratus
332 2246 508 2287 gererent,
547 2234 583 2272 δ’
607 2233 736 2286 senam
767 2243 1012 2277 moverentur,·
1045 2229 1201 2267 mulc'iam
1237 2241 1370 2280 quoqne

82 2299 319 2352 pecuniariam
341 2311 379 2335 eo
407 2297 544 2335 nomine
562 2296 762 2349 penderent.
800 2293 974 2341 Interea,
998 2291 1089 2330 dum
1119 2290 1368 2328 comitiorum

140 2414 162 2458 §
187 2413 344 2446 XXXVI.
368 2413 458 2446 Plut.
477 2411 602 2455 Vellej.
625 2422 645 2444 2
661 2438 670 2453 ‚
693 2422 745 2454 32.
763 2411 851 2444 Flor.
869 2410 1016 2454 Appian.
1040 2409 1062 2451 ᾖ
1087 2407 1261 2440 XXXVII.
1279 2405 1373 2445 plut*

88 2458 128 2498 In
150 2459 265 2503 Pomp.
288 2457 322 2492 &
345 2459 474 2494 Serter.
491 2456 598 2492 strab.
622 2456 695 2493 cic.
715 2456 756 2491 de
776 2454 868 2493 offic.
888 2465 903 2499 3
921 2481 932 2499 ,
949 2465 1003 2489 11.
1028 2452 1173 2498 Appiam.
1187 2451 1280 2485 Flor-
