1675 2959
649 14 671 27 l

268 178 366 239 *3¹4
430 141 1480 225 JO.FRE1NSHEM115UPPLEM.'

264 279 399 321 litibus
430 278 669 323 Brundisium
708 282 965 330 transductis,
1004 295 1081 334 quo
1110 284 1317 334 Pompejus
1344 284 1550 335 expeditus

262 338 439 392 legiones
467 344 727 384 antecesserat.

333 404 510 446 LXVIII.
538 406 594 448 Eo
620 403 790 444 conduci
814 402 991 454 jusserat,
1019 404 1207 456 quidquid
1234 405 1401 446 habebat
1426 405 1557 456 copia-

261 475 377 512 rum,
402 466 555 506 nullum
580 464 710 505 auxilii
736 478 854 516 genus
883 464 1134 515 aspernatu83
1172 480 1263 508 nam
1292 470 1327 508 ἅ
1351 481 1397 507 ex
1424 468 1555 519 pasto-

260 524 369 564 :tibus
395 525 583 576 servisque
602 525 752 576 equites
775 525 923 566 circiter
946 527 1245 578 quadringentos
1269 529 1459 569 effecerat.
1477 529 1553 570 Sed

262 588 418 628 Caesaris
444 603 511 639 per
527 589 704 640 Apuliam
730 589 858 629 cursus
878 591 1065 639 majorem
1093 591 1129 628 ei
1154 589 1372 630 delectuum
1392 600 1557 642 partem,

260 650 400 701 passini
427 651 563 694 reliCtis
586 652 766 703 praesidiis
791 652 1050 703 fugientium,
1068 651 1244 692 abscidit.
1272 652 1366 692 Alba
1383 654 1423 694 L.
1438 655 1553 694 Man-

260 710 338 750 lius
362 713 582 763 Torquatus
598 724 737 764 praetor
756 726 845 753 cum
871 713 935 753 sex
960 713 1183 753 cohortibus
1205 713 1441 762 discefferat3
1461 715 1556 754 Tar-

259 773 413 821 racina,
440 785 528 813 cum
555 776 702 824 tribus,
727 786 867 826 praetor
890 774 1056 817 Rutilius
1082 776 1225 825 Lupus.
1258 776 1333 816 Sed
1351 774 1554 819 Rutilianae

256 834 462 883 cohortes,
486 850 577 877 cum
601 839 817 889 equitatum
838 837 992 881 Caesaris
1015 837 1318 887 conspexissent,
1344 838 1404 876 cui
1421 837 1555 876 Vibius

258 898 398 938 Curius
433 910 612 951 praeerat,
640 901 691 941 ad
717 915 805 942 eum
833 902 935 952 signa
956 901 1249 949 transtulerunt;
1273 902 1377 940 idem
1399 899 1555 950 reliquis

256 958 478 1010 itineribus,
503 976 523 1002 a
554 962 751 1003 nonnullis
788 962 1011 1002 cohortibus
1030 992 1041 1011 ,
1072 974 1156 1013 quae
1199 963 1237 1001 in
1276 961 1462 1002 Caesarem
1487 969 1553 1002 aut

258 1021 409 1071 equites
440 1026 521 1072 ejus
550 1024 789 1072 inciderant,
815 1024 974 1063 factum.

313 1088 461 1130 LXIX.
490 1091 601 1130 Venit
617 1093 653 1131 ὁὶ
676 1089 716 1130 in
740 1091 966 1141 potestatem
993 1090 1061 1131 Cn.
1077 1090 1251 1142 Magius,
1276 1090 1473 1141 praefeerus
1498 1089 1554 1129 fa·

255 1149 379 1192 briim
400 1153 597 1203 Pompeji:
627 1167 741 1205 quem
764 1152 884 1194 Caesar
907 1166 999 1193 cum
1030 1155 1218 1194 mandatis
1247 1155 1294 1192 ad
1322 1154 1550 1204 Pompejum

257 1213 426 1262 remisit,
457 1214 630 1254 interesse
652 1213 874 1265 reipublicae
891 1244 903 1261 ,
926 1223 989 1262 ut,
1019 1215 1203 1264 quoniam
1239 1215 1358 1253 iturus
1384 1214 1554 1253 Brundi-

259 1275 357 1314 {ium
383 1276 473 1316 effet
490 1308 500 1326 ,
524 1291 599 1317 una
618 1277 943 1328 colloquerentur.
968 1278 1105 1327 Neque
1130 1277 1196 1316 diu
1216 1279 1438 1325 conciatus,
1463 1289 1553 1316 cum

257 1336 477 1388 legionibus
516 1340 580 1380 sex
619 1354 652 1381 a.
691 1341 730 1380 d.
770 1341 859 1381 VIII
899 1341 956 1381 Id.
992 1340 1108 1380 Mart.
1142 1339 1378 1379 Brundisium
1419 1340 1553 1387 venit;

256 1401 370 1448 cujus
410 1403 597 1442 exercitus
628 1415 769 1452 magna
796 1416 882 1454 pars
915 1415 961 1442 ex
994 1402 1214 1441 recentibus
1249 1401 1485 1448 deiecimus,
1515 1403 1552 1440 ὃς

261 1460 334 1508 iis,
358 1474 453 1511 quos
478 1465 516 1501 in
539 1463 672 1502 itinere
698 1473 926 1515 exceperat,
949 1463 1125 1503 confetsta
1136 1471 1227 1502 erat.
1255 1463 1328 1503 Sed
1349 1463 1555 1513 Pompejus

259 1523 342 1572 jam
365 1523 433 1563 Cn.
453 1524 572 1565 filium
587 1557 597 1575 ,
616 1528 801 1575 majorem
831 1539 879 1566 ex
903 1526 1076 1572 duobus,
1104 1537 1194 1565 cum
1218 1525 1349 1564 socero
1373 1526 1554 1575 Scipione

258 1584 303 1624 in
331 1586 478 1636 Syriam
495 1618 506 1635 ‚
530 1587 673 1628 auxilia
696 1588 869 1640 gentium
885 1600 930 1630 ac
953 1600 1085 1638 regum
1111 1589 1356 1634 concituros,
1375 1586 1551 1626 consules

261 1655 393 1688 autem
423 1649 706 1701 Dyrrhachium
735 1650 988 1702 praemiserat,
1015 1662 1105 1688 cum
1131 1649 1287 1701 triginta
1310 1648 1551 1688 cohortibus.

261 1709 318 1750 Ea
339 1723 399 1751 res
423 1712 575 1762 abrupit
601 1713 800 1765 negotium
835 1714 950 1763 pacis.
981 1725 1072 1751 nam
1103 1714 1138 1751 δε
1166 1711 1350 1752 Lentulus
1377 1711 1510 1751 consul
1531 1725 1555 1751 a

264 1770 448 1812 Cornelio
477 1773 619 1821 Balbo,
653 1777 762 1823 cujus
798 1782 904 1824 pater
929 1773 1080 1814 Lentuli
1106 1783 1186 1812 erat
1217 1773 1553 1826 faniiliariffinius,

263 1833 448 1873 mandata
472 1833 625 1875 Caesaris
660 1835 853 1883 habente,
877 1836 1077 1874 conveniri
1109 1848 1187 1874 non
1225 1834 1376 1884 potuit:
1406 1836 1439 1874 St
1464 1846 1554 1873 cum

265 1894 491 1937 Scribonius
513 1897 632 1947 Libo,
661 1900 727 1949 qui
760 1907 840 1937 etat
869 1899 956 1939 Sex.
984 1898 1158 1948 Ponipeji
1187 1896 1318 1944 socer,
1345 1910 1365 1935 a
1389 1897 1554 1937 Caninio

262 1956 403 2000 Rebilo
425 1959 628 2009 indudffls,
658 1972 747 1999 cum
773 1961 956 2011 Ponipejo
988 1959 1036 1998 de
1071 1958 1360 2001 conditionibus
1391 1957 1545 2009 cgiffet3

263 2021 483 2071 responsum
507 2023 584 2072 est,
615 2025 720 2074 quod
748 2022 920 2062 consules
952 2022 1100 2071 absint,
1123 2021 1198 2061 fine
1224 2020 1299 2060 illis
1323 2021 1371 2060 de
1391 2032 1554 2071 compo-

263 2084 397 2124 sitione
428 2087 486 2135 agi
508 2099 585 2125 non
618 2086 733 2137 posse.

319 2152 445 2193 LXX.
479 2155 561 2194 Nec
600 2155 782 2204 deerant,
805 2155 869 2206 qui
906 2155 1185 2200 existimarent,
1207 2151 1377 2192 dimissos
1401 2164 1422 2190 a
1443 2151 1553 2190 Pom-

263 2215 354 2266 pejo
380 2214 552 2255 consules
579 2216 712 2265 fuisse,
735 2230 784 2256 ne
810 2217 905 2268 quid
935 2218 1024 2258 novi
1050 2217 1195 2257 consilii
1217 2225 1349 2255 contra
1379 2213 1460 2253 suas
1487 2226 1553 2252 ra-

312 2353 334 2395 §
362 2353 495 2387 LXVII.
526 2355 598 2389 Cic.
625 2355 665 2388 ad
689 2356 795 2389 Attic.
818 2355 837 2387 8
854 2382 863 2396 ,
888 2366 919 2395 c).
944 2356 1067 2396 Vellei.
1096 2365 1132 2394 2,
1165 2365 1215 2390 51.
1243 2355 1384 2387 Sueton.
1406 2353 1438 2385 in
1467 2353 1554 2387 (fars.

267 2418 301 2442 c.
325 2406 375 2446 56.
401 2407 422 2450 §
446 2408 595 2441 LXVIII.
620 2408 710 2441 Plut.
732 2410 765 2440 'in
792 2408 877 2440 Caes.
901 2421 929 2440 c.
949 2419 1003 2448 49.
1031 2410 1102 2441 Cic.
1123 2409 1161 2439 ad
1181 2408 1285 2439 Attic.
1311 2418 1353 2446 (y,
1381 2418 1411 2442 ις
1436 2406 1468 2440 δι’.
1493 2407 1556 2449 iu,

269 2467 304 2504 9.
329 2459 350 2505 §
379 2459 498 2495 LXIX.
524 2460 610 2494 Caes.
638 2460 723 2497 Dio,
743 2461 889 2505 App'iaii.
912 2462 1002 2494 civil.
1025 2462 1049 2494 l.
1072 2472 1101 2494 2.
1128 2460 1217 2493 Piae.
1241 2460 1275 2492 'm
1307 2459 1423 2502 roi-ap.
