<?xml version="1.0" encoding="UTF-8"?>
<!DOCTYPE html PUBLIC "-//W3C//DTD XHTML 1.0 Transitional//EN"
    "http://www.w3.org/TR/xhtml1/DTD/xhtml1-transitional.dtd">
<html xmlns="http://www.w3.org/1999/xhtml" xml:lang="en" lang="en">
 <head>
  <title>
</title>
<meta http-equiv="Content-Type" content="text/html;charset=utf-8" />
  <meta name='ocr-system' content='tesseract 3.04.00' />
  <meta name='ocr-capabilities' content='ocr_page ocr_carea ocr_par ocr_line ocrx_word'/>
</head>
<body>
  <div class='ocr_page' id='page_1' title='image "./historiarumlibri10livyuoft_0076.png"; bbox 0 0 1675 2959; ppageno 0'>
   <div class='ocr_carea' id='block_1_1' title="bbox 298 121 1487 195">
    <p class='ocr_par' dir='ltr' id='par_1_1' title="bbox 298 121 1487 195">
     <span class='ocr_line' id='line_1_1' title="bbox 298 121 1487 195; baseline -0.004 -21"><span class='ocrx_word' id='word_1_1' title='bbox 298 126 371 177; x_wconf 70' lang='lat'><strong>66</strong></span> <span class='ocrx_word' id='word_1_2' title='bbox 462 126 556 175; x_wconf 90' lang='lat' dir='ltr'><strong>JO.</strong></span> <span class='ocrx_word' id='word_1_3' title='bbox 589 123 1088 188; x_wconf 78' lang='lat' dir='ltr'><strong>FREINSHEMII</strong></span> <span class='ocrx_word' id='word_1_4' title='bbox 1122 121 1487 195; x_wconf 71' lang='lat' dir='ltr'><strong>SUPPLEM.</strong></span> 
     </span>
    </p>
   </div>
   <div class='ocr_carea' id='block_1_2' title="bbox 305 229 1634 355">
    <p class='ocr_par' dir='ltr' id='par_1_2' title="bbox 305 229 1634 355">
     <span class='ocr_line' id='line_1_2' title="bbox 305 229 1634 289; baseline -0.006 -12"><span class='ocrx_word' id='word_1_5' title='bbox 305 235 414 289; x_wconf 87' lang='lat' dir='ltr'><strong>quod</strong></span> <span class='ocrx_word' id='word_1_6' title='bbox 440 234 679 275; x_wconf 74' lang='lat' dir='ltr'>turbaturum</span> <span class='ocrx_word' id='word_1_7' title='bbox 712 231 803 272; x_wconf 84' lang='lat' dir='ltr'><strong>alias</strong></span> <span class='ocrx_word' id='word_1_8' title='bbox 838 233 974 271; x_wconf 60' lang='lat' dir='ltr'><strong>cuneta</strong></span> <span class='ocrx_word' id='word_1_9' title='bbox 1006 229 1224 281; x_wconf 80' lang='lat' dir='ltr'>collegam,</span> <span class='ocrx_word' id='word_1_10' title='bbox 1257 242 1307 269; x_wconf 91' lang='lat' dir='ltr'><strong>ne</strong></span> <span class='ocrx_word' id='word_1_11' title='bbox 1337 235 1470 268; x_wconf 86' lang='lat' dir='ltr'><strong>contra</strong></span> <span class='ocrx_word' id='word_1_12' title='bbox 1495 239 1596 269; x_wconf 88' lang='lat' dir='ltr'><strong>rem·</strong></span> <span class='ocrx_word' id='word_1_13' title='bbox 1631 265 1634 269; x_wconf 91' lang='lat'><strong>.</strong></span> 
     </span>
     <span class='ocr_line' id='line_1_3' title="bbox 305 291 1598 355; baseline -0.009 -15"><span class='ocrx_word' id='word_1_14' title='bbox 305 300 505 355; x_wconf 86' lang='lat' dir='ltr'>publicam</span> <span class='ocrx_word' id='word_1_15' title='bbox 523 298 698 345; x_wconf 82' lang='lat' dir='ltr'><strong>sentiret,</strong></span> <span class='ocrx_word' id='word_1_16' title='bbox 718 294 903 346; x_wconf 85' lang='lat' dir='ltr'><strong>patientia</strong></span> <span class='ocrx_word' id='word_1_17' title='bbox 926 295 961 332; x_wconf 82' lang='lat'>&amp;</span> <span class='ocrx_word' id='word_1_18' title='bbox 985 292 1168 342; x_wconf 80' lang='lat' dir='ltr'><strong>obsequio</strong></span> <span class='ocrx_word' id='word_1_19' title='bbox 1192 292 1432 342; x_wconf 81' lang='lat' dir='ltr'><strong>mitigatum,</strong></span> <span class='ocrx_word' id='word_1_20' title='bbox 1458 291 1598 341; x_wconf 84' lang='lat' dir='ltr'><strong>postre-</strong></span> 
     </span>
    </p>
   </div>
   <div class='ocr_carea' id='block_1_3' title="bbox 305 353 1604 469">
    <p class='ocr_par' dir='ltr' id='par_1_3' title="bbox 305 353 1604 469">
     <span class='ocr_line' id='line_1_4' title="bbox 305 353 1604 407; baseline -0.009 -3"><span class='ocrx_word' id='word_1_21' title='bbox 305 376 375 405; x_wconf 85' lang='lat' dir='ltr'><strong>mo</strong></span> <span class='ocrx_word' id='word_1_22' title='bbox 408 359 714 401; x_wconf 83' lang='lat' dir='ltr'><strong>commutatione</strong></span> <span class='ocrx_word' id='word_1_23' title='bbox 748 356 956 407; x_wconf 83' lang='lat' dir='ltr'><strong>provinciae</strong></span> <span class='ocrx_word' id='word_1_24' title='bbox 996 353 1224 404; x_wconf 84' lang='lat' dir='ltr'><strong>perpulerat.</strong></span> <span class='ocrx_word' id='word_1_25' title='bbox 1269 354 1426 404; x_wconf 80' lang='lat' dir='ltr'><strong>Quippe</strong></span> <span class='ocrx_word' id='word_1_26' title='bbox 1461 353 1604 392; x_wconf 64' lang='lat' dir='ltr'><strong>Cicero*</strong></span> 
     </span>
     <span class='ocr_line' id='line_1_5' title="bbox 306 414 1599 469; baseline -0.01 -4"><span class='ocrx_word' id='word_1_27' title='bbox 306 423 583 469; x_wconf 79' lang='lat' dir='ltr'><strong>Macedoniam</strong></span> <span class='ocrx_word' id='word_1_28' title='bbox 619 419 796 465; x_wconf 67' lang='lat' dir='ltr'><strong>sortitusz,</strong></span> <span class='ocrx_word' id='word_1_29' title='bbox 827 428 1028 455; x_wconf 76' lang='lat' dir='ltr'><strong>cumeani</strong></span> <span class='ocrx_word' id='word_1_30' title='bbox 1054 414 1207 466; x_wconf 87' lang='lat' dir='ltr'><strong>placere</strong></span> <span class='ocrx_word' id='word_1_31' title='bbox 1237 414 1396 464; x_wconf 82' lang='lat' dir='ltr'><strong>collegae</strong></span> <span class='ocrx_word' id='word_1_32' title='bbox 1425 415 1599 464; x_wconf 48' lang='lat' dir='ltr'><strong>videret.</strong></span> 
     </span>
    </p>
   </div>
   <div class='ocr_carea' id='block_1_4' title="bbox 299 477 1631 1032">
    <p class='ocr_par' dir='ltr' id='par_1_4' title="bbox 299 477 1631 842">
     <span class='ocr_line' id='line_1_6' title="bbox 305 477 1631 529; baseline -0.008 -3"><span class='ocrx_word' id='word_1_33' title='bbox 305 499 398 526; x_wconf 89' lang='lat' dir='ltr'><strong>cum</strong></span> <span class='ocrx_word' id='word_1_34' title='bbox 428 484 551 525; x_wconf 82' lang='lat' dir='ltr'><strong>Gallia</strong></span> <span class='ocrx_word' id='word_1_35' title='bbox 583 481 860 526; x_wconf 84' lang='lat' dir='ltr'><strong>commutavit,</strong></span> <span class='ocrx_word' id='word_1_36' title='bbox 893 491 976 528; x_wconf 81' lang='lat' dir='ltr'><strong>quae</strong></span> <span class='ocrx_word' id='word_1_37' title='bbox 999 478 1041 518; x_wconf 92' lang='lat' dir='ltr'><strong>C.</strong></span> <span class='ocrx_word' id='word_1_38' title='bbox 1072 477 1239 517; x_wconf 86' lang='lat' dir='ltr'><strong>Antonio</strong></span> <span class='ocrx_word' id='word_1_39' title='bbox 1268 486 1458 517; x_wconf 83' lang='lat' dir='ltr'><strong>evenerat.</strong></span> <span class='ocrx_word' id='word_1_40' title='bbox 1491 478 1598 517; x_wconf 83' lang='lat' dir='ltr'><strong>Inter</strong></span> <span class='ocrx_word' id='word_1_41' title='bbox 1627 526 1631 529; x_wconf 42' lang='lat'><strong>.</strong></span> 
     </span>
     <span class='ocr_line' id='line_1_7' title="bbox 304 531 1600 593; baseline -0.009 -5"><span class='ocrx_word' id='word_1_42' title='bbox 304 547 392 588; x_wconf 78' lang='lat' dir='ltr'><strong>haec</strong></span> <span class='ocrx_word' id='word_1_43' title='bbox 421 547 458 586; x_wconf 91' lang='lat' dir='ltr'><strong>P.</strong></span> <span class='ocrx_word' id='word_1_44' title='bbox 494 543 678 585; x_wconf 84' lang='lat' dir='ltr'><strong>Lentulus</strong></span> <span class='ocrx_word' id='word_1_45' title='bbox 720 541 901 593; x_wconf 80' lang='lat' dir='ltr'><strong>Spinther</strong></span> <span class='ocrx_word' id='word_1_46' title='bbox 938 540 1057 580; x_wconf 65' lang='lat' dir='ltr'><strong>sedilis</strong></span> <span class='ocrx_word' id='word_1_47' title='bbox 1092 539 1234 579; x_wconf 82' lang='lat' dir='ltr'><strong>curulis</strong></span> <span class='ocrx_word' id='word_1_48' title='bbox 1266 531 1600 589; x_wconf 61' lang='lat' dir='ltr'><strong>tanta&#39;magnifi-</strong></span> 
     </span>
     <span class='ocr_line' id='line_1_8' title="bbox 302 600 1598 653; baseline -0.008 -5"><span class='ocrx_word' id='word_1_49' title='bbox 302 609 431 650; x_wconf 85' lang='lat' dir='ltr'><strong>centia</strong></span> <span class='ocrx_word' id='word_1_50' title='bbox 471 607 582 646; x_wconf 84' lang='lat' dir='ltr'><strong>ludos</strong></span> <span class='ocrx_word' id='word_1_51' title='bbox 617 605 768 652; x_wconf 71' lang='lat' dir='ltr'><strong>edidit,</strong></span> <span class='ocrx_word' id='word_1_52' title='bbox 804 612 846 642; x_wconf 92' lang='lat' dir='ltr'><strong>ut</strong></span> <span class='ocrx_word' id='word_1_53' title='bbox 881 603 1093 653; x_wconf 77' lang='lat' dir='ltr'><strong>superiores</strong></span> <span class='ocrx_word' id='word_1_54' title='bbox 1127 614 1263 641; x_wconf 83' lang='lat' dir='ltr'><strong>ornnes</strong></span> <span class='ocrx_word' id='word_1_55' title='bbox 1299 614 1401 640; x_wconf 91' lang='lat' dir='ltr'><strong>novo</strong></span> <span class='ocrx_word' id='word_1_56' title='bbox 1438 600 1598 639; x_wconf 85' lang='lat' dir='ltr'><strong>invento</strong></span> 
     </span>
     <span class='ocr_line' id='line_1_9' title="bbox 303 662 1598 718; baseline -0.008 -7"><span class='ocrx_word' id='word_1_57' title='bbox 303 673 501 718; x_wconf 84' lang='lat' dir='ltr'><strong>vinceret,</strong></span> <span class='ocrx_word' id='word_1_58' title='bbox 533 667 740 718; x_wconf 79' lang='lat' dir='ltr'><strong>argentatis</strong></span> <span class='ocrx_word' id='word_1_59' title='bbox 769 666 960 716; x_wconf 79' lang='lat' dir='ltr'><strong>choragiis</strong></span> <span class='ocrx_word' id='word_1_60' title='bbox 989 665 1142 705; x_wconf 81' lang='lat' dir='ltr'><strong>scenam</strong></span> <span class='ocrx_word' id='word_1_61' title='bbox 1173 665 1378 707; x_wconf 87' lang='lat' dir='ltr'><strong>adornans.</strong></span> <span class='ocrx_word' id='word_1_62' title='bbox 1413 662 1526 702; x_wconf 90' lang='lat' dir='ltr'><strong>Idem</strong></span> <span class='ocrx_word' id='word_1_63' title='bbox 1559 663 1598 701; x_wconf 74' lang='grc' dir='ltr'><strong>δε</strong></span> 
     </span>
     <span class='ocr_line' id='line_1_10' title="bbox 303 725 1599 783; baseline -0.006 -10"><span class='ocrx_word' id='word_1_64' title='bbox 303 733 476 783; x_wconf 81' lang='lat' dir='ltr'><strong>dibapha</strong></span> <span class='ocrx_word' id='word_1_65' title='bbox 508 731 623 781; x_wconf 79' lang='lat' dir='ltr'><strong>Tyria</strong></span> <span class='ocrx_word' id='word_1_66' title='bbox 656 730 802 780; x_wconf 82' lang='lat' dir='ltr'><strong>primus</strong></span> <span class='ocrx_word' id='word_1_67' title='bbox 833 727 887 767; x_wconf 84' lang='lat' dir='ltr'><strong>est</strong></span> <span class='ocrx_word' id='word_1_68' title='bbox 916 726 1026 777; x_wconf 82' lang='lat' dir='ltr'><strong>usus,</strong></span> <span class='ocrx_word' id='word_1_69' title='bbox 1063 726 1169 777; x_wconf 91' lang='lat' dir='ltr'><strong>quod</strong></span> <span class='ocrx_word' id='word_1_70' title='bbox 1194 736 1281 766; x_wconf 88' lang='lat' dir='ltr'><strong>tum</strong></span> <span class='ocrx_word' id='word_1_71' title='bbox 1312 725 1599 778; x_wconf 85' lang='lat' dir='ltr'><strong>improbatum,</strong></span> 
     </span>
     <span class='ocr_line' id='line_1_11' title="bbox 299 792 682 842; baseline -0.016 -7"><span class='ocrx_word' id='word_1_72' title='bbox 299 806 397 835; x_wconf 81' lang='lat' dir='ltr'><strong>mox</strong></span> <span class='ocrx_word' id='word_1_73' title='bbox 421 793 576 842; x_wconf 83' lang='lat' dir='ltr'><strong>vulgare</strong></span> <span class='ocrx_word' id='word_1_74' title='bbox 595 792 682 830; x_wconf 82' lang='lat' dir='ltr'><strong>fuit.</strong></span> 
     </span>
    </p>

    <p class='ocr_par' dir='ltr' id='par_1_5' title="bbox 299 849 1600 1032">
     <span class='ocr_line' id='line_1_12' title="bbox 359 849 1600 897; baseline -0.008 -1"><span class='ocrx_word' id='word_1_75' title='bbox 359 854 521 896; x_wconf 78' lang='lat' dir='ltr'><strong>XLVII.</strong></span> <span class='ocrx_word' id='word_1_76' title='bbox 551 854 624 893; x_wconf 89' lang='lat' dir='ltr'><strong>Hic</strong></span> <span class='ocrx_word' id='word_1_77' title='bbox 650 852 772 891; x_wconf 85' lang='lat' dir='ltr'><strong>ferme</strong></span> <span class='ocrx_word' id='word_1_78' title='bbox 794 850 912 890; x_wconf 84' lang='lat' dir='ltr'><strong>status</strong></span> <span class='ocrx_word' id='word_1_79' title='bbox 937 849 1172 890; x_wconf 87' lang='lat' dir='ltr'><strong>urbanarum</strong></span> <span class='ocrx_word' id='word_1_80' title='bbox 1197 861 1324 888; x_wconf 89' lang='lat' dir='ltr'><strong>rerum</strong></span> <span class='ocrx_word' id='word_1_81' title='bbox 1356 854 1459 897; x_wconf 85' lang='lat' dir='ltr'><strong>erat,</strong></span> <span class='ocrx_word' id='word_1_82' title='bbox 1481 859 1572 887; x_wconf 87' lang='lat' dir='ltr'><strong>cum</strong></span> <span class='ocrx_word' id='word_1_83' title='bbox 1581 858 1600 896; x_wconf 56' lang='lat'><strong>,1</strong></span> 
     </span>
     <span class='ocr_line' id='line_1_13' title="bbox 301 910 1598 965; baseline -0.008 -5"><span class='ocrx_word' id='word_1_84' title='bbox 301 919 437 960; x_wconf 77' lang='lat' dir='ltr'><strong>audito</strong></span> <span class='ocrx_word' id='word_1_85' title='bbox 462 917 539 955; x_wconf 81' lang='lat' dir='ltr'><strong>fine</strong></span> <span class='ocrx_word' id='word_1_86' title='bbox 564 914 821 963; x_wconf 79' lang='lat' dir='ltr'><strong>Mithridatis,</strong></span> <span class='ocrx_word' id='word_1_87' title='bbox 842 921 967 965; x_wconf 82' lang='lat' dir='ltr'><strong>grates</strong></span> <span class='ocrx_word' id='word_1_88' title='bbox 989 913 1068 953; x_wconf 86' lang='lat' dir='ltr'><strong>Diis</strong></span> <span class='ocrx_word' id='word_1_89' title='bbox 1085 915 1176 952; x_wconf 72' lang='lat' dir='ltr'><strong>aCtae</strong></span> <span class='ocrx_word' id='word_1_90' title='bbox 1197 911 1309 960; x_wconf 84' lang='lat' dir='ltr'><strong>sunt,</strong></span> <span class='ocrx_word' id='word_1_91' title='bbox 1336 913 1372 951; x_wconf 71' lang='grc' dir='ltr'><strong>ἃ</strong></span> <span class='ocrx_word' id='word_1_92' title='bbox 1395 911 1445 950; x_wconf 89' lang='lat' dir='ltr'><strong>ad</strong></span> <span class='ocrx_word' id='word_1_93' title='bbox 1465 910 1598 950; x_wconf 72' lang='lat' dir='ltr'><strong>omnia</strong></span> 
     </span>
     <span class='ocr_line' id='line_1_14' title="bbox 299 971 1595 1032; baseline -0.006 -14"><span class='ocrx_word' id='word_1_94' title='bbox 299 978 515 1032; x_wconf 78' lang='lat' dir='ltr'><strong>pulvinaria</strong></span> <span class='ocrx_word' id='word_1_95' title='bbox 540 976 820 1027; x_wconf 77' lang='lat' dir='ltr'><strong>supplicatum,</strong></span> <span class='ocrx_word' id='word_1_96' title='bbox 839 987 952 1023; x_wconf 71' lang='lat' dir='ltr'><strong>cum,</strong></span> <span class='ocrx_word' id='word_1_97' title='bbox 977 975 1164 1014; x_wconf 83' lang='lat' dir='ltr'><strong>referente</strong></span> <span class='ocrx_word' id='word_1_98' title='bbox 1197 974 1381 1013; x_wconf 80' lang='lat' dir='ltr'><strong>Cicerone</strong></span> <span class='ocrx_word' id='word_1_99' title='bbox 1410 971 1595 1020; x_wconf 83' lang='lat' dir='ltr'><strong>consule,</strong></span> 
     </span>
    </p>
   </div>
   <div class='ocr_carea' id='block_1_5' title="bbox 300 1032 1598 1216">
    <p class='ocr_par' dir='ltr' id='par_1_6' title="bbox 300 1032 1598 1216">
     <span class='ocr_line' id='line_1_15' title="bbox 302 1032 1596 1093; baseline -0.007 -13"><span class='ocrx_word' id='word_1_100' title='bbox 302 1050 492 1093; x_wconf 84' lang='lat' dir='ltr'><strong>quantum</strong></span> <span class='ocrx_word' id='word_1_101' title='bbox 519 1039 609 1079; x_wconf 87' lang='lat' dir='ltr'><strong>alias</strong></span> <span class='ocrx_word' id='word_1_102' title='bbox 631 1051 851 1089; x_wconf 86' lang='lat' dir='ltr'><strong>nunquam,</strong></span> <span class='ocrx_word' id='word_1_103' title='bbox 875 1039 913 1076; x_wconf 84' lang='lat' dir='ltr'><strong>in</strong></span> <span class='ocrx_word' id='word_1_104' title='bbox 937 1037 1116 1075; x_wconf 82' lang='lat' dir='ltr'><strong>duodecim</strong></span> <span class='ocrx_word' id='word_1_105' title='bbox 1136 1037 1212 1074; x_wconf 83' lang='lat' dir='ltr'><strong>dies</strong></span> <span class='ocrx_word' id='word_1_106' title='bbox 1226 1036 1521 1089; x_wconf 65' lang='lat' dir='ltr'><strong>fizpplicationem</strong></span> <span class='ocrx_word' id='word_1_107' title='bbox 1542 1032 1596 1071; x_wconf 87' lang='lat' dir='ltr'><strong>se-</strong></span> 
     </span>
     <span class='ocr_line' id='line_1_16' title="bbox 300 1094 1596 1147; baseline -0.009 -4"><span class='ocrx_word' id='word_1_108' title='bbox 300 1111 417 1143; x_wconf 84' lang='lat' dir='ltr'><strong>natus</strong></span> <span class='ocrx_word' id='word_1_109' title='bbox 447 1099 683 1140; x_wconf 75' lang='lat' dir='ltr'><strong>decrevisset.</strong></span> <span class='ocrx_word' id='word_1_110' title='bbox 718 1098 883 1139; x_wconf 86' lang='lat' dir='ltr'><strong>Tribuni</strong></span> <span class='ocrx_word' id='word_1_111' title='bbox 907 1096 1030 1147; x_wconf 72' lang='lat' dir='ltr'><strong>plebis</strong></span> <span class='ocrx_word' id='word_1_112' title='bbox 1050 1097 1097 1135; x_wconf 84' lang='lat' dir='ltr'><strong>T.</strong></span> <span class='ocrx_word' id='word_1_113' title='bbox 1124 1096 1337 1143; x_wconf 82' lang='lat' dir='ltr'><strong>Labienus,</strong></span> <span class='ocrx_word' id='word_1_114' title='bbox 1362 1094 1409 1135; x_wconf 93' lang='lat' dir='ltr'><strong>T.</strong></span> <span class='ocrx_word' id='word_1_115' title='bbox 1433 1094 1596 1144; x_wconf 73' lang='lat' dir='ltr'><strong>Ampitle</strong></span> 
     </span>
     <span class='ocr_line' id='line_1_17' title="bbox 300 1157 1598 1216; baseline -0.007 -14"><span class='ocrx_word' id='word_1_116' title='bbox 300 1163 547 1216; x_wconf 85' lang='lat' dir='ltr'><strong>privilegium</strong></span> <span class='ocrx_word' id='word_1_117' title='bbox 584 1159 781 1206; x_wconf 87' lang='lat' dir='ltr'><strong>tulerunt,</strong></span> <span class='ocrx_word' id='word_1_118' title='bbox 819 1171 858 1197; x_wconf 83' lang='lat' dir='ltr'><strong>ut</strong></span> <span class='ocrx_word' id='word_1_119' title='bbox 884 1157 1076 1210; x_wconf 78' lang='lat' dir='ltr'><strong>Pompejus</strong></span> <span class='ocrx_word' id='word_1_120' title='bbox 1109 1158 1205 1194; x_wconf 77' lang='lat' dir='ltr'><strong>ludis</strong></span> <span class='ocrx_word' id='word_1_121' title='bbox 1233 1157 1439 1207; x_wconf 69' lang='lat' dir='ltr'><strong>Circetfihus</strong></span> <span class='ocrx_word' id='word_1_122' title='bbox 1467 1169 1598 1194; x_wconf 84' lang='lat' dir='ltr'><strong>corona</strong></span> 
     </span>
    </p>
   </div>
   <div class='ocr_carea' id='block_1_6' title="bbox 298 1218 1598 1335">
    <p class='ocr_par' dir='ltr' id='par_1_7' title="bbox 298 1218 1598 1335">
     <span class='ocr_line' id='line_1_18' title="bbox 300 1218 1598 1277; baseline -0.007 -13"><span class='ocrx_word' id='word_1_123' title='bbox 300 1241 433 1271; x_wconf 77' lang='lat' dir='ltr'><strong>aurea,</strong></span> <span class='ocrx_word' id='word_1_124' title='bbox 459 1237 540 1277; x_wconf 78' lang='lat' dir='ltr'><strong>toga</strong></span> <span class='ocrx_word' id='word_1_125' title='bbox 557 1223 676 1276; x_wconf 64' lang='lat' dir='ltr'><strong>pibla,</strong></span> <span class='ocrx_word' id='word_1_126' title='bbox 701 1222 798 1260; x_wconf 77' lang='lat' dir='ltr'><strong>cultu</strong></span> <span class='ocrx_word' id='word_1_127' title='bbox 830 1219 1119 1274; x_wconf 78' lang='lat' dir='ltr'><strong>triumphantium</strong></span> <span class='ocrx_word' id='word_1_128' title='bbox 1145 1229 1295 1255; x_wconf 82' lang='lat' dir='ltr'><strong>uteretur</strong></span> <span class='ocrx_word' id='word_1_129' title='bbox 1307 1233 1324 1265; x_wconf 92' lang='lat'><em>;</em></span> <span class='ocrx_word' id='word_1_130' title='bbox 1337 1218 1490 1269; x_wconf 83' lang='lat' dir='ltr'><strong>scenicis</strong></span> <span class='ocrx_word' id='word_1_131' title='bbox 1509 1231 1598 1270; x_wconf 70' lang='lat' dir='ltr'><strong>prce-</strong></span> 
     </span>
     <span class='ocr_line' id='line_1_19' title="bbox 298 1278 1594 1335; baseline -0.008 -9"><span class='ocrx_word' id='word_1_132' title='bbox 298 1299 426 1333; x_wconf 75' lang='lat' dir='ltr'><strong>texta,</strong></span> <span class='ocrx_word' id='word_1_133' title='bbox 449 1299 644 1335; x_wconf 79' lang='lat' dir='ltr'><strong>coronaque</strong></span> <span class='ocrx_word' id='word_1_134' title='bbox 672 1283 806 1320; x_wconf 81' lang='lat' dir='ltr'><strong>laurea.</strong></span> <span class='ocrx_word' id='word_1_135' title='bbox 846 1279 986 1320; x_wconf 81' lang='lat' dir='ltr'><strong>Salutis</strong></span> <span class='ocrx_word' id='word_1_136' title='bbox 1012 1279 1128 1317; x_wconf 84' lang='lat' dir='ltr'><strong>etiam</strong></span> <span class='ocrx_word' id='word_1_137' title='bbox 1149 1278 1353 1328; x_wconf 82' lang='lat' dir='ltr'><strong>augurium</strong></span> <span class='ocrx_word' id='word_1_138' title='bbox 1370 1307 1381 1326; x_wconf 81' lang='lat'><strong>‚</strong></span> <span class='ocrx_word' id='word_1_139' title='bbox 1404 1278 1594 1318; x_wconf 68' lang='lat' dir='ltr'><strong>confectis</strong></span> 
     </span>
    </p>
   </div>
   <div class='ocr_carea' id='block_1_7' title="bbox 282 1340 1598 1392">
    <p class='ocr_par' dir='ltr' id='par_1_8' title="bbox 282 1340 1598 1392">
     <span class='ocr_line' id='line_1_20' title="bbox 282 1340 1598 1392; baseline -0.008 -5"><span class='ocrx_word' id='word_1_140' title='bbox 282 1369 285 1371; x_wconf 19' lang='grc' dir='ltr'><strong>Α</strong></span> <span class='ocrx_word' id='word_1_141' title='bbox 301 1346 414 1388; x_wconf 87' lang='lat' dir='ltr'><strong>bellis</strong></span> <span class='ocrx_word' id='word_1_142' title='bbox 429 1345 631 1385; x_wconf 83' lang='lat' dir='ltr'><strong>maritimis</strong></span> <span class='ocrx_word' id='word_1_143' title='bbox 652 1345 688 1384; x_wconf 82' lang='lat'>&amp;</span> <span class='ocrx_word' id='word_1_144' title='bbox 707 1342 942 1382; x_wconf 83' lang='lat' dir='ltr'><strong>terrestribus</strong></span> <span class='ocrx_word' id='word_1_145' title='bbox 964 1342 1143 1381; x_wconf 89' lang='lat' dir='ltr'><strong>omnibus</strong></span> <span class='ocrx_word' id='word_1_146' title='bbox 1159 1371 1170 1389; x_wconf 87' lang='lat'>,</span> <span class='ocrx_word' id='word_1_147' title='bbox 1187 1341 1371 1381; x_wconf 86' lang='lat' dir='ltr'><strong>celebrari</strong></span> <span class='ocrx_word' id='word_1_148' title='bbox 1394 1340 1497 1392; x_wconf 76' lang='lat' dir='ltr'><strong>posse</strong></span> <span class='ocrx_word' id='word_1_149' title='bbox 1517 1353 1598 1380; x_wconf 77' lang='lat' dir='ltr'><strong>cre-</strong></span> 
     </span>
    </p>
   </div>
   <div class='ocr_carea' id='block_1_8' title="bbox 289 1403 1595 1455">
    <p class='ocr_par' dir='ltr' id='par_1_9' title="bbox 210 1402 1595 1455">
     <span class='ocr_line' id='line_1_21' title="bbox 289 1403 1595 1455; baseline -0.006 -5.513"><span class='ocrx_word' id='word_1_150' title='bbox 289 1411 429 1451; x_wconf 84' lang='lat' dir='ltr'><strong>-ditum</strong></span> <span class='ocrx_word' id='word_1_151' title='bbox 465 1409 528 1448; x_wconf 87' lang='lat' dir='ltr'><strong>est.</strong></span> <span class='ocrx_word' id='word_1_152' title='bbox 576 1408 622 1448; x_wconf 89' lang='lat' dir='ltr'><strong>Id</strong></span> <span class='ocrx_word' id='word_1_153' title='bbox 653 1407 770 1446; x_wconf 88' lang='lat' dir='ltr'><strong>veteri</strong></span> <span class='ocrx_word' id='word_1_154' title='bbox 808 1418 915 1445; x_wconf 84' lang='lat' dir='ltr'><strong>more</strong></span> <span class='ocrx_word' id='word_1_155' title='bbox 952 1417 1071 1455; x_wconf 86' lang='lat' dir='ltr'><strong>genus</strong></span> <span class='ocrx_word' id='word_1_156' title='bbox 1108 1403 1305 1454; x_wconf 79' lang='lat' dir='ltr'><strong>quoddam</strong></span> <span class='ocrx_word' id='word_1_157' title='bbox 1343 1403 1595 1442; x_wconf 77' lang='lat' dir='ltr'><strong>divinationis</strong></span> 
     </span>
    </p>
   </div>
   <div class='ocr_carea' id='block_1_9' title="bbox 294 1465 1598 2327">
    <p class='ocr_par' dir='ltr' id='par_1_10' title="bbox 294 1465 1598 1826">
     <span class='ocr_line' id='line_1_22' title="bbox 302 1465 1597 1521; baseline -0.009 -9"><span class='ocrx_word' id='word_1_158' title='bbox 302 1479 408 1520; x_wconf 84' lang='lat' dir='ltr'><strong>erat,</strong></span> <span class='ocrx_word' id='word_1_159' title='bbox 444 1484 520 1521; x_wconf 89' lang='lat' dir='ltr'><strong>quo</strong></span> <span class='ocrx_word' id='word_1_160' title='bbox 557 1470 751 1509; x_wconf 69' lang='lat' dir='ltr'><strong>maximus</strong></span> <span class='ocrx_word' id='word_1_161' title='bbox 775 1476 913 1518; x_wconf 82' lang='lat' dir='ltr'><strong>praetor</strong></span> <span class='ocrx_word' id='word_1_162' title='bbox 934 1465 1189 1517; x_wconf 71' lang='lat' dir='ltr'><strong>explorabat,</strong></span> <span class='ocrx_word' id='word_1_163' title='bbox 1210 1466 1407 1517; x_wconf 76' lang='lat' dir='ltr'><strong>fizlutemne</strong></span> <span class='ocrx_word' id='word_1_164' title='bbox 1436 1466 1506 1504; x_wconf 83' lang='lat' dir='ltr'><strong>Dii</strong></span> <span class='ocrx_word' id='word_1_165' title='bbox 1531 1479 1597 1518; x_wconf 85' lang='lat' dir='ltr'><strong>po-</strong></span> 
     </span>
     <span class='ocr_line' id='line_1_23' title="bbox 294 1526 1597 1591; baseline -0.005 -17"><span class='ocrx_word' id='word_1_166' title='bbox 294 1536 384 1591; x_wconf 81' lang='lat' dir='ltr'><strong>pulo</strong></span> <span class='ocrx_word' id='word_1_167' title='bbox 409 1536 570 1572; x_wconf 72' lang='lat' dir='ltr'><strong>Romano</strong></span> <span class='ocrx_word' id='word_1_168' title='bbox 597 1542 800 1571; x_wconf 79' lang='lat' dir='ltr'><strong>annuerent.</strong></span> <span class='ocrx_word' id='word_1_169' title='bbox 829 1542 954 1579; x_wconf 85' lang='lat' dir='ltr'><strong>neque</strong></span> <span class='ocrx_word' id='word_1_170' title='bbox 987 1529 1042 1567; x_wconf 86' lang='lat' dir='ltr'><strong>fas</strong></span> <span class='ocrx_word' id='word_1_171' title='bbox 1069 1537 1149 1567; x_wconf 83' lang='lat' dir='ltr'><strong>erat</strong></span> <span class='ocrx_word' id='word_1_172' title='bbox 1177 1526 1251 1567; x_wconf 87' lang='lat' dir='ltr'><strong>alio</strong></span> <span class='ocrx_word' id='word_1_173' title='bbox 1281 1527 1343 1566; x_wconf 90' lang='lat' dir='ltr'><strong>die</strong></span> <span class='ocrx_word' id='word_1_174' title='bbox 1368 1528 1453 1577; x_wconf 85' lang='lat' dir='ltr'><strong>agi,</strong></span> <span class='ocrx_word' id='word_1_175' title='bbox 1479 1540 1597 1577; x_wconf 81' lang='lat' dir='ltr'><strong>quam</strong></span> 
     </span>
     <span class='ocr_line' id='line_1_24' title="bbox 301 1589 1598 1649; baseline -0.007 -12"><span class='ocrx_word' id='word_1_176' title='bbox 301 1598 368 1649; x_wconf 90' lang='lat' dir='ltr'><strong>qui</strong></span> <span class='ocrx_word' id='word_1_177' title='bbox 399 1596 447 1636; x_wconf 92' lang='lat' dir='ltr'><strong>ab</strong></span> <span class='ocrx_word' id='word_1_178' title='bbox 487 1595 597 1634; x_wconf 88' lang='lat' dir='ltr'><strong>omni</strong></span> <span class='ocrx_word' id='word_1_179' title='bbox 627 1593 782 1643; x_wconf 78' lang='lat' dir='ltr'><strong>negotio</strong></span> <span class='ocrx_word' id='word_1_180' title='bbox 819 1591 971 1630; x_wconf 81' lang='lat' dir='ltr'><strong>militari</strong></span> <span class='ocrx_word' id='word_1_181' title='bbox 1007 1602 1177 1630; x_wconf 85' lang='lat' dir='ltr'><strong>vacuus:</strong></span> <span class='ocrx_word' id='word_1_182' title='bbox 1218 1601 1338 1639; x_wconf 82' lang='lat' dir='ltr'><strong>eaque</strong></span> <span class='ocrx_word' id='word_1_183' title='bbox 1371 1589 1419 1627; x_wconf 82' lang='lat' dir='ltr'><strong>de</strong></span> <span class='ocrx_word' id='word_1_184' title='bbox 1456 1602 1496 1628; x_wconf 90' lang='lat' dir='ltr'><strong>re</strong></span> <span class='ocrx_word' id='word_1_185' title='bbox 1529 1589 1598 1628; x_wconf 85' lang='lat' dir='ltr'><strong>diu</strong></span> 
     </span>
     <span class='ocr_line' id='line_1_25' title="bbox 297 1651 1598 1702; baseline -0.009 -1"><span class='ocrx_word' id='word_1_186' title='bbox 297 1658 556 1700; x_wconf 84' lang='lat' dir='ltr'><strong>intermissum</strong></span> <span class='ocrx_word' id='word_1_187' title='bbox 577 1658 674 1696; x_wconf 84' lang='lat' dir='ltr'><strong>inter</strong></span> <span class='ocrx_word' id='word_1_188' title='bbox 691 1656 874 1696; x_wconf 86' lang='lat' dir='ltr'><strong>continua</strong></span> <span class='ocrx_word' id='word_1_189' title='bbox 898 1654 998 1694; x_wconf 85' lang='lat' dir='ltr'><strong>bella</strong></span> <span class='ocrx_word' id='word_1_190' title='bbox 1015 1685 1026 1702; x_wconf 88' lang='lat'>‚</span> <span class='ocrx_word' id='word_1_191' title='bbox 1052 1652 1258 1702; x_wconf 85' lang='lat' dir='ltr'><strong>civilesque</strong></span> <span class='ocrx_word' id='word_1_192' title='bbox 1280 1651 1486 1691; x_wconf 85' lang='lat' dir='ltr'><strong>discordias</strong></span> <span class='ocrx_word' id='word_1_193' title='bbox 1512 1651 1598 1690; x_wconf 88' lang='lat' dir='ltr'><strong>fue-</strong></span> 
     </span>
     <span class='ocr_line' id='line_1_26' title="bbox 294 1713 1594 1771; baseline -0.007 -8"><span class='ocrx_word' id='word_1_194' title='bbox 294 1731 384 1771; x_wconf 68' lang='lat' dir='ltr'><strong>tat,</strong></span> <span class='ocrx_word' id='word_1_195' title='bbox 418 1720 569 1760; x_wconf 87' lang='lat' dir='ltr'><strong>nullum</strong></span> <span class='ocrx_word' id='word_1_196' title='bbox 593 1719 778 1758; x_wconf 85' lang='lat' dir='ltr'><strong>idoneum</strong></span> <span class='ocrx_word' id='word_1_197' title='bbox 804 1725 957 1768; x_wconf 84' lang='lat' dir='ltr'><strong>tempus</strong></span> <span class='ocrx_word' id='word_1_198' title='bbox 989 1716 1038 1755; x_wconf 83' lang='lat' dir='ltr'><strong>ad</strong></span> <span class='ocrx_word' id='word_1_199' title='bbox 1064 1713 1244 1770; x_wconf 85' lang='lat' dir='ltr'><strong>pacificas</strong></span> <span class='ocrx_word' id='word_1_200' title='bbox 1272 1714 1510 1753; x_wconf 63' lang='lat' dir='ltr'><strong>caerimonias</strong></span> <span class='ocrx_word' id='word_1_201' title='bbox 1534 1714 1594 1755; x_wconf 81' lang='lat' dir='ltr'><strong>in-</strong></span> 
     </span>
     <span class='ocr_line' id='line_1_27' title="bbox 299 1782 558 1826; baseline -0.015 0"><span class='ocrx_word' id='word_1_202' title='bbox 299 1782 558 1826; x_wconf 87' lang='lat' dir='ltr'><strong>venientibus.</strong></span> 
     </span>
    </p>

    <p class='ocr_par' dir='ltr' id='par_1_11' title="bbox 295 1836 1596 2327">
     <span class='ocr_line' id='line_1_28' title="bbox 358 1836 1596 1888; baseline -0.007 -2"><span class='ocrx_word' id='word_1_203' title='bbox 358 1844 532 1886; x_wconf 71' lang='lat' dir='ltr'><strong>XLVIII.</strong></span> <span class='ocrx_word' id='word_1_204' title='bbox 576 1842 689 1882; x_wconf 87' lang='lat' dir='ltr'><strong>Porro</strong></span> <span class='ocrx_word' id='word_1_205' title='bbox 728 1839 965 1881; x_wconf 79' lang='lat' dir='ltr'><strong>Mithridatis</strong></span> <span class='ocrx_word' id='word_1_206' title='bbox 997 1838 1146 1877; x_wconf 75' lang='lat' dir='ltr'><strong>exitum</strong></span> <span class='ocrx_word' id='word_1_207' title='bbox 1181 1849 1305 1888; x_wconf 84' lang='lat' dir='ltr'><strong>operae</strong></span> <span class='ocrx_word' id='word_1_208' title='bbox 1343 1836 1510 1888; x_wconf 88' lang='lat' dir='ltr'><strong>pretium</strong></span> <span class='ocrx_word' id='word_1_209' title='bbox 1542 1837 1596 1877; x_wconf 85' lang='lat' dir='ltr'><strong>est</strong></span> 
     </span>
     <span class='ocr_line' id='line_1_29' title="bbox 300 1899 1596 1960; baseline -0.005 -14"><span class='ocrx_word' id='word_1_210' title='bbox 300 1908 454 1960; x_wconf 85' lang='lat' dir='ltr'><strong>penitus</strong></span> <span class='ocrx_word' id='word_1_211' title='bbox 478 1905 642 1954; x_wconf 78' lang='lat' dir='ltr'><strong>exsequi.</strong></span> <span class='ocrx_word' id='word_1_212' title='bbox 671 1901 962 1941; x_wconf 78' lang='lat' dir='ltr'><strong>Calamitatibus</strong></span> <span class='ocrx_word' id='word_1_213' title='bbox 979 1930 990 1947; x_wconf 65' lang='lat'>,</span> <span class='ocrx_word' id='word_1_214' title='bbox 1016 1902 1072 1949; x_wconf 61' lang='grc' dir='ltr'><strong>ἃ,</strong></span> <span class='ocrx_word' id='word_1_215' title='bbox 1099 1913 1182 1950; x_wconf 81' lang='lat' dir='ltr'><strong>quae</strong></span> <span class='ocrx_word' id='word_1_216' title='bbox 1210 1899 1468 1939; x_wconf 80' lang='lat' dir='ltr'><strong>calamitatem</strong></span> <span class='ocrx_word' id='word_1_217' title='bbox 1492 1907 1596 1939; x_wconf 84' lang='lat' dir='ltr'><strong>amat</strong></span> 
     </span>
     <span class='ocr_line' id='line_1_30' title="bbox 301 1962 1594 2020; baseline -0.008 -10"><span class='ocrx_word' id='word_1_218' title='bbox 301 1971 434 2020; x_wconf 83' lang='lat' dir='ltr'><strong>sequi,</strong></span> <span class='ocrx_word' id='word_1_219' title='bbox 463 1968 621 2020; x_wconf 76' lang='lat' dir='ltr'><strong>perfidia</strong></span> <span class='ocrx_word' id='word_1_220' title='bbox 655 1965 811 2005; x_wconf 86' lang='lat' dir='ltr'><strong>suorum</strong></span> <span class='ocrx_word' id='word_1_221' title='bbox 838 1966 1028 2012; x_wconf 82' lang='lat' dir='ltr'><strong>irritatus,</strong></span> <span class='ocrx_word' id='word_1_222' title='bbox 1059 1976 1147 2003; x_wconf 90' lang='lat' dir='ltr'><strong>cum</strong></span> <span class='ocrx_word' id='word_1_223' title='bbox 1170 1963 1311 2002; x_wconf 88' lang='lat' dir='ltr'><strong>multos</strong></span> <span class='ocrx_word' id='word_1_224' title='bbox 1332 1962 1382 2001; x_wconf 91' lang='lat' dir='ltr'><strong>ob</strong></span> <span class='ocrx_word' id='word_1_225' title='bbox 1409 1962 1564 2013; x_wconf 85' lang='lat' dir='ltr'><strong>culpam</strong></span> <span class='ocrx_word' id='word_1_226' title='bbox 1581 1993 1594 2013; x_wconf 95' lang='lat'>,</span> 
     </span>
     <span class='ocr_line' id='line_1_31' title="bbox 301 2025 1594 2083; baseline -0.009 -9"><span class='ocrx_word' id='word_1_227' title='bbox 301 2034 400 2075; x_wconf 80' lang='lat' dir='ltr'><strong>alios</strong></span> <span class='ocrx_word' id='word_1_228' title='bbox 425 2046 491 2083; x_wconf 88' lang='lat' dir='ltr'><strong>per</strong></span> <span class='ocrx_word' id='word_1_229' title='bbox 523 2031 778 2081; x_wconf 85' lang='lat' dir='ltr'><strong>suspicionem</strong></span> <span class='ocrx_word' id='word_1_230' title='bbox 812 2028 1068 2074; x_wconf 81' lang='lat' dir='ltr'><strong>interficeret,</strong></span> <span class='ocrx_word' id='word_1_231' title='bbox 1108 2028 1283 2065; x_wconf 89' lang='lat' dir='ltr'><strong>omnium</strong></span> <span class='ocrx_word' id='word_1_232' title='bbox 1321 2039 1341 2065; x_wconf 81' lang='lat' dir='ltr'><strong>a</strong></span> <span class='ocrx_word' id='word_1_233' title='bbox 1376 2025 1411 2064; x_wconf 86' lang='lat' dir='ltr'><strong>se</strong></span> <span class='ocrx_word' id='word_1_234' title='bbox 1447 2026 1594 2070; x_wconf 81' lang='lat' dir='ltr'><strong>amicos</strong></span> 
     </span>
     <span class='ocr_line' id='line_1_32' title="bbox 301 2086 1596 2134; baseline -0.005 0"><span class='ocrx_word' id='word_1_235' title='bbox 301 2094 420 2134; x_wconf 74' lang='lat' dir='ltr'><strong>taedio</strong></span> <span class='ocrx_word' id='word_1_236' title='bbox 456 2095 491 2132; x_wconf 65' lang='grc' dir='ltr'><strong>δε</strong></span> <span class='ocrx_word' id='word_1_237' title='bbox 519 2101 624 2131; x_wconf 89' lang='lat' dir='ltr'><strong>metu</strong></span> <span class='ocrx_word' id='word_1_238' title='bbox 652 2090 891 2129; x_wconf 81' lang='lat' dir='ltr'><strong>abalienavit.</strong></span> <span class='ocrx_word' id='word_1_239' title='bbox 932 2090 1057 2129; x_wconf 86' lang='lat' dir='ltr'><strong>Etiam</strong></span> <span class='ocrx_word' id='word_1_240' title='bbox 1082 2087 1315 2134; x_wconf 81' lang='lat' dir='ltr'><strong>Pharnaces,</strong></span> <span class='ocrx_word' id='word_1_241' title='bbox 1344 2087 1511 2125; x_wconf 83' lang='lat' dir='ltr'><strong>filiorum</strong></span> <span class='ocrx_word' id='word_1_242' title='bbox 1543 2086 1596 2127; x_wconf 80' lang='lat' dir='ltr'><strong>ad</strong></span> 
     </span>
     <span class='ocr_line' id='line_1_33' title="bbox 299 2147 1594 2199; baseline -0.008 -3"><span class='ocrx_word' id='word_1_243' title='bbox 299 2169 390 2196; x_wconf 87' lang='lat' dir='ltr'><strong>eam</strong></span> <span class='ocrx_word' id='word_1_244' title='bbox 423 2155 525 2193; x_wconf 87' lang='lat' dir='ltr'><strong>diem</strong></span> <span class='ocrx_word' id='word_1_245' title='bbox 560 2151 898 2198; x_wconf 79' lang='lat' dir='ltr'><strong>honoratiflimus‚</strong></span> <span class='ocrx_word' id='word_1_246' title='bbox 931 2152 966 2189; x_wconf 66' lang='grc' dir='ltr'><strong>ἃ</strong></span> <span class='ocrx_word' id='word_1_247' title='bbox 994 2149 1088 2199; x_wconf 80' lang='lat' dir='ltr'><strong>saepe</strong></span> <span class='ocrx_word' id='word_1_248' title='bbox 1119 2149 1332 2189; x_wconf 84' lang='lat' dir='ltr'><strong>declaratus</strong></span> <span class='ocrx_word' id='word_1_249' title='bbox 1370 2149 1475 2198; x_wconf 87' lang='lat' dir='ltr'><strong>regni</strong></span> <span class='ocrx_word' id='word_1_250' title='bbox 1502 2147 1594 2187; x_wconf 81' lang='lat' dir='ltr'><strong>suc—</strong></span> 
     </span>
     <span class='ocr_line' id='line_1_34' title="bbox 295 2211 1589 2264; baseline -0.007 -6"><span class='ocrx_word' id='word_1_251' title='bbox 295 2218 447 2264; x_wconf 76' lang='lat' dir='ltr'><strong>cessor,</strong></span> <span class='ocrx_word' id='word_1_252' title='bbox 479 2217 551 2255; x_wconf 80' lang='lat' dir='ltr'><strong>live</strong></span> <span class='ocrx_word' id='word_1_253' title='bbox 582 2216 741 2253; x_wconf 79' lang='lat' dir='ltr'><strong>fratrum</strong></span> <span class='ocrx_word' id='word_1_254' title='bbox 771 2213 980 2252; x_wconf 82' lang='lat' dir='ltr'><strong>occisorum</strong></span> <span class='ocrx_word' id='word_1_255' title='bbox 1012 2212 1171 2260; x_wconf 84' lang='lat' dir='ltr'><strong>dolore,</strong></span> <span class='ocrx_word' id='word_1_256' title='bbox 1207 2212 1280 2251; x_wconf 85' lang='lat' dir='ltr'><strong>five</strong></span> <span class='ocrx_word' id='word_1_257' title='bbox 1313 2211 1380 2250; x_wconf 84' lang='lat' dir='ltr'><strong>libi</strong></span> <span class='ocrx_word' id='word_1_258' title='bbox 1421 2211 1589 2259; x_wconf 86' lang='lat' dir='ltr'><strong>timens,</strong></span> 
     </span>
     <span class='ocr_line' id='line_1_35' title="bbox 300 2274 1591 2327; baseline -0.006 -6"><span class='ocrx_word' id='word_1_259' title='bbox 300 2280 456 2321; x_wconf 80' lang='lat' dir='ltr'><strong>infidias</strong></span> <span class='ocrx_word' id='word_1_260' title='bbox 492 2279 626 2318; x_wconf 80' lang='lat' dir='ltr'><strong>struere</strong></span> <span class='ocrx_word' id='word_1_261' title='bbox 655 2277 734 2316; x_wconf 86' lang='lat' dir='ltr'><strong>seni</strong></span> <span class='ocrx_word' id='word_1_262' title='bbox 760 2278 884 2327; x_wconf 81' lang='lat' dir='ltr'><strong>coepit</strong></span> <span class='ocrx_word' id='word_1_263' title='bbox 905 2306 916 2325; x_wconf 88' lang='lat'>,</span> <span class='ocrx_word' id='word_1_264' title='bbox 949 2276 1167 2327; x_wconf 82' lang='lat' dir='ltr'><strong>priusquam</strong></span> <span class='ocrx_word' id='word_1_265' title='bbox 1195 2275 1420 2316; x_wconf 86' lang='lat' dir='ltr'><strong>destinatam</strong></span> <span class='ocrx_word' id='word_1_266' title='bbox 1449 2275 1489 2313; x_wconf 88' lang='lat' dir='ltr'><strong>in</strong></span> <span class='ocrx_word' id='word_1_267' title='bbox 1515 2274 1591 2314; x_wconf 79' lang='lat' dir='ltr'><strong>lta-</strong></span> 
     </span>
    </p>
   </div>
   <div class='ocr_carea' id='block_1_10' title="bbox 303 2393 1592 2482">
    <p class='ocr_par' dir='ltr' id='par_1_12' title="bbox 303 2393 1592 2482">
     <span class='ocr_line' id='line_1_36' title="bbox 351 2393 1592 2442; baseline -0.002 -10"><span class='ocrx_word' id='word_1_268' title='bbox 351 2400 373 2440; x_wconf 52' lang='grc' dir='ltr'><strong>,Ε</strong></span> <span class='ocrx_word' id='word_1_269' title='bbox 399 2399 519 2432; x_wconf 88' lang='lat' dir='ltr'><strong>XLVI.</strong></span> <span class='ocrx_word' id='word_1_270' title='bbox 543 2397 669 2442; x_wconf 81' lang='lat' dir='ltr'><strong>Vellej.</strong></span> <span class='ocrx_word' id='word_1_271' title='bbox 695 2409 713 2430; x_wconf 90' lang='lat'>2</span> <span class='ocrx_word' id='word_1_272' title='bbox 729 2425 737 2439; x_wconf 86' lang='lat'><strong>‚</strong></span> <span class='ocrx_word' id='word_1_273' title='bbox 758 2407 791 2437; x_wconf 84' lang='lat'><strong>4.</strong></span> <span class='ocrx_word' id='word_1_274' title='bbox 817 2397 960 2429; x_wconf 84' lang='lat' dir='ltr'><strong>Diodor.</strong></span> <span class='ocrx_word' id='word_1_275' title='bbox 995 2397 1016 2440; x_wconf 67' lang='grc' dir='ltr'><strong>ς</strong></span> <span class='ocrx_word' id='word_1_276' title='bbox 1034 2397 1176 2435; x_wconf 78' lang='lat' dir='ltr'><strong>XLVII.</strong></span> <span class='ocrx_word' id='word_1_277' title='bbox 1194 2396 1268 2436; x_wconf 73' lang='lat' dir='ltr'><strong>Cic.</strong></span> <span class='ocrx_word' id='word_1_278' title='bbox 1291 2397 1332 2432; x_wconf 80' lang='lat' dir='ltr'><strong>ad</strong></span> <span class='ocrx_word' id='word_1_279' title='bbox 1352 2395 1462 2431; x_wconf 81' lang='lat' dir='ltr'><strong>Attic.</strong></span> <span class='ocrx_word' id='word_1_280' title='bbox 1493 2394 1527 2430; x_wconf 70' lang='grc' dir='ltr'>ἃ</span> <span class='ocrx_word' id='word_1_281' title='bbox 1555 2393 1592 2429; x_wconf 81' lang='lat' dir='ltr'><strong>in</strong></span> 
     </span>
     <span class='ocr_line' id='line_1_37' title="bbox 303 2441 1098 2482; baseline -0.003 -2"><span class='ocrx_word' id='word_1_282' title='bbox 303 2444 418 2482; x_wconf 78' lang='lat' dir='ltr'><strong>Pison.</strong></span> <span class='ocrx_word' id='word_1_283' title='bbox 447 2456 476 2481; x_wconf 83' lang='lat' dir='ltr'><strong>c.</strong></span> <span class='ocrx_word' id='word_1_284' title='bbox 498 2455 529 2479; x_wconf 86' lang='lat'><strong>2.</strong></span> <span class='ocrx_word' id='word_1_285' title='bbox 551 2443 639 2478; x_wconf 80' lang='lat' dir='ltr'><strong>Plut.</strong></span> <span class='ocrx_word' id='word_1_286' title='bbox 663 2444 806 2479; x_wconf 76' lang='lat' dir='ltr'><strong>Sueten.</strong></span> <span class='ocrx_word' id='word_1_287' title='bbox 830 2443 865 2476; x_wconf 83' lang='lat' dir='ltr'><strong>in</strong></span> <span class='ocrx_word' id='word_1_288' title='bbox 886 2441 972 2480; x_wconf 78' lang='lat' dir='ltr'><strong>Caes.</strong></span> <span class='ocrx_word' id='word_1_289' title='bbox 993 2453 1021 2478; x_wconf 85' lang='lat' dir='ltr'><strong>c.</strong></span> <span class='ocrx_word' id='word_1_290' title='bbox 1044 2452 1098 2480; x_wconf 76' lang='lat'><strong>12.</strong></span> 
     </span>
    </p>
   </div>
  </div>
 </body>
</html>
