1675 2959
327 88 915 138 1NLOC.1.1}3.cv
957 88 1110 136 LIV.
1269 108 1359 157 ως

87 211 280 249 nunquam
307 210 423 238 vanas
452 196 562 235 fuiffe
590 195 908 246 imprecationes,
933 194 1183 247 superstitiosa
1203 198 1367 248 antiqui.

82 270 141 300 tas
179 261 372 309 credidit,
411 258 476 298 sed
516 259 664 298 devotis
702 260 844 309 pariter
875 259 1227 310 devoventibusque
1263 261 1368 301 cala·

81 321 248 362 mitosaS.

146 381 316 422 XXXV.
342 380 455 421 Unde
476 379 591 431 vulgo
610 377 959 432 reprehendebatur
972 381 1122 430 Atejus,
1140 382 1243 432 quod
1261 393 1378 431 eum;

87 443 151 482 cui
190 453 348 493 propter
389 442 667 493 rempublicam
703 443 825 496 faetus
860 451 940 482 erat
968 445 1174 493 inimicus,
1213 446 1303 485 diris
1329 447 1372 487 in

88 504 368 555 rempublicam
391 505 527 544 casuris
547 504 806 544 consecrasset.
829 505 1001 553 Craffus,
1022 505 1261 547 Brundifium
1286 522 1374 559 pro.

85 566 209 605 festus
223 597 233 615 ,
264 579 353 605 cum
374 567 465 606 inde
483 579 559 605 non
580 566 801 617 exspectato
822 565 930 605 cursu
961 566 1249 617 transmitteret,
1272 570 1371 609 mul-

85 637 142 668 tas
167 643 282 669 naves
297 628 583 680 tempestatibus
609 624 760 676 amisit,
777 629 960 679 deditque
987 629 1086 669 diras
1109 632 1371 672 metuentibus

86 691 325 731 occasionem
347 690 585 739 sermonum,
623 690 700 743 jam
730 705 825 730 omen
854 703 957 744 atque
977 692 1113 731 initium
1140 693 1251 745 adeffe
1276 695 1376 733 cala.

85 754 246 801 micatis,
279 768 353 806 qua
379 755 540 792 devotum
573 763 679 805 caput
712 764 802 791 certa
839 764 942 805 atque
967 753 1185 792 inevitabilis
1211 768 1378 795 maneret..

87 815 189 856 Nam
218 819 251 856 &
279 814 435 855 fortuita
460 816 500 855 in
527 815 750 866 praesagium
779 815 1050 864 trahebantur,
1085 818 1210 868 quod,
1240 818 1377 868 impo-

88 886 206 916 nente
235 877 447 916 exereitum
473 876 599 917 Crasso
619 907 630 926 ,
656 877 811 928 quidam
840 877 879 916 in
904 886 1017 927 portu
1043 879 1186 918 caricas
1206 880 1379 920 vendens
1418 890 1421 893 ’

92 942 252 980 Cauneas
278 939 604 990 proclamaverat:
630 939 730 990 quafi
762 938 907 979 disertis
923 939 1048 980 verbis
1069 951 1251 982 monente
1274 940 1380 984 Cras*

88 1002 174 1042 sum
199 1003 364 1042 sollicito
390 1003 572 1050 numine,
597 1014 730 1040 caveret
757 1003 818 1041 ire.

146 1065 338 1106 XXXVI.
375 1065 536 1105 Causam
560 1064 768 1103 festinandi
801 1063 903 1103 haud
934 1064 1162 1114 postremam
1189 1067 1231 1106 A.
1260 1067 1382 1107 Gabi-

93 1127 146 1168 nii
173 1128 382 1179 praebuerat
414 1127 637 1175 insolentia,
667 1127 730 1177 qui
764 1125 892 1177 legato
917 1127 1032 1166 Craffi
1060 1128 1208 1167 tradere
1238 1120 1383 1168 exerci-

95 1200 209 1240 tum,
240 1191 483 1242 quantumvis
518 1190 628 1229 finito
664 1191 818 1240 imperii
855 1199 1055 1241 tempore,
1095 1191 1294 1242 spreverat.
1337 1193 1384 1232 In

96 1252 295 1292 biennium
324 1251 390 1291 ille
415 1252 559 1303 Syriam
585 1251 624 1290 in
654 1251 876 1300 consulatu,
898 1250 939 1293 L.
963 1252 1044 1292 Piso
1071 1252 1221 1304 collega
1250 1255 1382 1295 Mace-

97 1316 281 1362 doniam,
309 1315 393 1365 lege
425 1314 562 1354 Clodia
603 1322 830 1364 acceperant
857 1327 866 1354 ε
904 1322 1059 1365 eratque
1085 1316 1124 1354 in
1158 1317 1381 1356 ordinandis

95 1376 304 1426 provinciis
340 1377 570 1424 decretum,
609 1383 652 1414 ut
687 1374 915 1414 successores
942 1377 1091 1427 utrique
1122 1379 1381 1419 mitterentur.

96 1439 146 1479 Et
169 1437 250 1477 Piso
275 1438 430 1488 quidem
455 1439 534 1487 jam
561 1436 789 1486 decesserat,
813 1439 1052 1489 redieratque
1069 1438 1109 1478 in
1127 1440 1284 1481 urbem:
1310 1442 1384 1481 Ga-

98 1500 226 1540 binius
251 1501 349 1540 ultra
385 1509 538 1550 tempus
568 1500 758 1539 retinebat
786 1500 990 1551 imperium
1026 1502 1161 1541 eadem
1193 1504 1386 1554 improbi-

99 1571 198 1612 tate,
226 1577 299 1614 qua
323 1563 422 1603 ultra
445 1563 672 1614 praefinitum
702 1560 851 1614 legibus
868 1563 1028 1603 modum
1044 1574 1277 1606 exercuerat.
1299 1567 1386 1607 Erat,

100 1633 187 1665 tum
221 1625 430 1665 latrociniis
455 1625 588 1664 infesta
614 1625 742 1677 Syria:
767 1624 832 1664 sed
855 1624 940 1676 plus
967 1640 988 1665 a
1017 1627 1247 1677 proconsule
1268 1630 1388 1679 patie-

102 1687 215 1729 batur
245 1688 494 1737 injuriarum,
536 1688 599 1738 qui
626 1701 705 1727 non
735 1687 850 1728 aliam
877 1688 928 1729 ob
959 1689 1110 1730 causam
1135 1691 1304 1730 infestius
1330 1692 1388 1731 via

106 1750 269 1789 debatur
297 1750 496 1800 praedones
524 1749 720 1801 persequi,
749 1763 862 1801 quam
890 1763 940 1790 ne
969 1763 1043 1802 qua
1069 1764 1155 1803 pars
1175 1752 1386 1804 spoliorum

104 1812 153 1852 ab
175 1811 256 1851 aliis
283 1812 581 1862 interciperetur.

171 1873 384 1914 XXXVII.
419 1872 572 1924 Elapsus
596 1888 619 1914 e
642 1875 836 1923 custodia,
868 1875 1069 1928 Romaque
1097 1878 1281 1929 profugus
1308 1880 1392 1918 Ari⁴

108 1936 302 1985 stobulus,
325 1938 391 1986 qui
414 1937 516 1987 apud
536 1937 692 1985 Judaeos
714 1946 957 1988 regnaverat,
981 1950 1068 1977 cum
1092 1941 1282 1991 Antigono
1305 1941 1389 1982 filio

108 1999 272 2037 redierat
298 1999 338 2037 in
368 1998 600 2038 Palaestinam
615 2029 626 2046 ,
650 2000 684 2039 &
699 2029 711 2047 ‚
735 1999 1019 2039 confluentibus
1040 2001 1088 2040 ad
1117 2014 1228 2051 eum,
1251 2004 1393 2052 quibus

110 2062 309 2112 praesentia
339 2075 472 2113 parum
501 2061 730 2112 placebant,
761 2061 1036 2102 Alexandrium
1061 2078 1181 2116 nuper
1207 2079 1227 2104 a
1250 2066 1395 2108 Roma-

103 2123 169 2162 ⁶nis
191 2124 359 2164 dirutum
390 2123 593 2163 instaurare
613 2132 794 2174 coeperat.
822 2124 1028 2173 Gabinius,
1045 2125 1104 2168 his
1124 2129 1285 2175 auditis,
1308 2143 1396 2179 par-

113 2196 194 2228 tem
217 2188 406 2239 equitatus
434 2186 605 2226 Antonio
635 2187 815 2238 praefedto
840 2187 964 2238 misit,
985 2187 1140 2229 Sisenna
1172 2193 1207 2230 Sc
1232 2192 1393 2231 Servilio

168 2318 190 2362 §
216 2319 373 2352 XXXIV.
400 2319 471 2353 Cic.
488 2320 529 2353 de
547 2320 655 2354 divin.
678 2332 719 2362 2,
745 2331 800 2362 40.
833 2321 919 2353 Plin.
942 2331 1004 2363 ις,
1029 2330 1081 2359 19.
1107 2321 1128 2363 5
1150 2319 1293 2352 XXXV.
1321 2318 1400 2351 Cim·

121 2363 155 2394 in
182 2363 293 2396 Pison.
319 2364 455 2407 Joseph.
480 2366 584 2410 antiq.
609 2377 666 2408 14,
690 2377 740 2400 ιι.
767 2366 790 2411 §
811 2365 976 2401 XXXVI.
999 2365 1137 2409 Joseph.
1159 2365 1199 2399 de
1224 2365 1301 2398 bell.
1318 2362 1399 2399 Jud,

112 2407 205 2444 mut.
230 2409 266 2442 in
284 2408 413 2446 Anton.
447 2420 476 2446 ε,
500 2419 534 2455 3.
