1675 2959
284 129 1105 183 ··1NLOC.L113.C11LIV.
1297 127 1363 191 55

81 253 223 301 γαηω,
252 243 535 297 quemadmodum
565 254 612 278 ex
639 239 704 291 ufic
726 236 788 290 ff
809 234 990 284 viderent,
1018 234 1270 288 distribuerunt.
1303 246 1366 274 ean

86 306 176 345 dem
204 304 287 355 lege
315 304 365 343 ad
387 302 598 350 emendos,
621 300 687 339 ubi
709 311 804 349 opus
827 298 949 345 foret,
971 307 1100 347 agros,
1126 295 1252 334 omnis
1277 309 1365 346 pro.¹

82 368 296 418 pemodum
319 364 474 416 publica
495 363 688 414 pecunia,
713 363 749 401 ὃς
777 373 859 410 quae
882 359 969 409 cogi
995 357 1254 406 undecunque
1280 354 1366 405 posi-

82 427 162 476 set,
183 427 489 466 decemvirorum
509 422 779 472 subjiciebatur
798 419 983 471 potestati.
1014 416 1185 458 Dabatur
1206 418 1242 456 ὃς
1260 427 1369 455 exer-

82 488 181 526 citus
204 486 469 526 conscribendi
501 484 688 536 potestas,
716 492 858 533 quanto
892 494 950 520 res
979 481 1179 530 indigeret.

138 549 223 590 XL.
256 549 304 590 Et
322 548 478 588 favebat
505 547 580 598 legi
605 546 648 588 C.
671 546 860 585 Antonius
875 574 885 591 ‚
907 556 1027 582 unum
1049 541 1088 581 se
1112 541 1196 580 fore
1213 539 1371 591 sperana

83 612 125 651 in
157 612 304 652 decem.
339 612 457 663 Igitur
483 611 540 651 M.
571 609 708 649 Cicero
734 607 919 648 Kalendis
953 604 1162 654 januariis,
1198 615 1272 653 qua
1302 601 1366 641 die

83 671 329 711 consulatum
361 673 474 720 iniit,
513 683 556 708 ea
583 670 633 708 de
657 681 696 708 re
719 668 833 708 verba
858 667 952 705 fecit
984 666 1024 704 in
1049 666 1176 713 curia,
1202 660 1370 701 senatus-

83 745 160 783 que
180 732 432 772 confirmandi
455 730 580 771 valida
606 729 860 768 fundamenta
880 727 996 776 jecit:
1031 737 1155 775 neque
1183 723 1365 771 deinceps

85 795 245 844 destitit,
265 795 410 842 donec,
429 806 500 843 pro
524 792 648 831 rostris
672 791 787 829 etiam
814 788 922 827 causa
947 787 1115 837 exposita
1130 815 1142 834 ,
1159 781 1369 833 rempubli-

85 872 173 900 cam
194 861 451 899 maximarum
475 856 722 907 largitionum
744 862 851 893 metu
878 852 1076 891 liberaret:
1099 856 1205 888 tanta
1228 847 1266 887 vi
1286 845 1367 885 clo-

86 921 248 972 quentiae
272 919 465 967 mentibus
498 918 682 962 admota,
709 922 752 952 ut
781 912 909 961 legem
932 909 1151 960 Agrariam,
1182 907 1259 946 hoc
1288 906 1340 946 est
1349 935 1366 954 ,

86 982 270 1022 alimenta
293 979 380 1025 sua,
408 984 552 1017 vocatae
574 976 615 1014 in
638 973 863 1023 suffragium
889 971 1010 1010 tribus
1030 970 1278 1020 abrogarent3
1302 968 1370 1008 tri-

88 1040 184 1082 buni
205 1053 294 1079 vero
315 1039 436 1089 plebis
454 1038 506 1077 ita
537 1037 889 1082 consternarentur,
914 1041 957 1073 ut
982 1031 1074 1072 alias
1095 1044 1247 1082 quoque
1275 1044 1374 1070 ηοῑιι

85 1101 212 1144 nullas
238 1102 407 1141 actiones
433 1100 656 1149 abjicerent.
695 1098 813 1138 Erant
833 1098 994 1136 omnino
1022 1106 1065 1134 ea
1093 1102 1268 1141 tempora
1285 1119 1296 1136 ,
1327 1099 1371 1128 ut

88 1164 126 1203 ἃ
154 1162 230 1201 hoc
264 1160 420 1200 consule
447 1159 684 1207 respublica,
717 1160 753 1199 ἃ
773 1157 849 1197 hoc
873 1157 1029 1206 ingenio
1063 1151 1222 1199 consul,
1252 1149 1371 1189 habe-

84 1231 172 1262 tent
196 1234 315 1271 opus:
348 1233 436 1259 curn
460 1218 555 1258 nihil
581 1219 707 1259 abefl‘e
737 1220 949 1263 videretun,
971 1215 1076 1266 quod
1097 1214 1233 1253 timere
1257 1212 1374 1261 boni,

85 1283 234 1334 sperare
263 1282 430 1334 improbi
463 1280 624 1332 poffent.
668 1278 835 1318 Tribuni
873 1276 997 1328 plebis
1022 1276 1124 1315 varie
1159 1274 1374 1314 miscebant

88 1346 310 1391 civitatem,
337 1343 490 1382 favente
516 1342 556 1379 in
585 1338 775 1390 plerisque
801 1339 993 1385 Antonio,
1027 1336 1132 1376 facili
1161 1335 1260 1375 inter
1288 1348 1373 1386 pra-

88 1418 137 1445 va
163 1401 316 1453 ingenia
337 1401 386 1440 ad
409 1400 574 1440 deterius
599 1398 793 1438 consensu.
821 1397 950 1447 Alius,
983 1397 1084 1437 enise
1106 1409 1187 1436 rem
1211 1406 1371 1446 urgente

88 1464 259 1513 Caesare,
283 1463 582 1514 proscriptorum
604 1461 731 1500 liberis
753 1462 813 1509 jus
842 1461 1001 1511 petendi
1028 1459 1263 1510 magistratus
1287 1458 1373 1498 red-

88 1528 181 1567 dere
207 1525 464 1574 moliebatur3
503 1523 598 1564 alius
621 1525 726 1565 idem
751 1523 866 1563 dabat
894 1524 932 1563 P.
959 1522 1142 1562 Autronio
1171 1523 1205 1561 ἃ
1230 1522 1266 1561 Ρ.
1290 1521 1375 1562 Sul..

89 1588 137 1629 1ae
161 1590 209 1628 de
237 1588 385 1628 ambitu
417 1588 621 1627 damnatis.
659 1598 784 1636 neque
810 1585 964 1634 deerat,
994 1584 1059 1636 qui
1082 1596 1200 1627 novas
1223 1583 1371 1624 tabulas

89 1651 348 1691 meditaretur.

144 1713 248 1753 XLI.
283 1711 433 1761 Quibus
452 1710 644 1762 praecipua
670 1709 865 1750 Ciceronis
891 1708 1075 1748 industria
1099 1705 1372 1758 vigilantiaque

89 1774 288 1814 occursum
316 1774 381 1813 est.
412 1773 443 1812 is
469 1773 623 1813 consilia
644 1772 818 1812 omnium
848 1783 987 1822 magna
1012 1769 1180 1809 sollertia
1210 1769 1371 1819 indaga-

90 1839 172 1886 vit,
206 1837 286 1888 pari
312 1835 522 1875 constantia
548 1836 728 1886 excepit,
762 1834 928 1884 denique
956 1831 1252 1882 incomparabili
1283 1832 1372 1870 elo-

90 1901 268 1952 quentia,
284 1909 466 1949 tanquam
491 1897 681 1945 fulmine,
705 1897 861 1946 dejecit.
883 1896 1052 1936 Tantum
1079 1895 1182 1934 enim
1209 1893 1368 1934 dicendi.

90 1965 205 2014 copia
231 1965 267 2003 δε
303 1963 485 2012 gravitate
517 1961 663 2009 valuit,
700 1970 744 2000 ut
769 1962 887 2000 etiam
914 1959 1090 1999 homines
1126 1959 1174 1998 ad
1208 1971 1252 1996 ea
1279 1971 1373 2008 pro-

90 2027 243 2075 banda,
282 2040 364 2077 quae
392 2025 506 2077 paulo
540 2034 627 2065 ante
659 2025 852 2076 infigniter
875 2022 1062 2071 odissent,
1090 2021 1212 2071 posset
1248 2022 1372 2061 adda„

90 2099 188 2127 cere.
220 2088 321 2128 Nam
343 2086 411 2126 illo
433 2087 637 2135 suadente,
660 2086 776 2125 etiam
797 2083 975 2125 Rosciam
999 2082 1224 2122 theatralem
1244 2082 1370 2133 legem

90 2148 201 2200 plebs
224 2162 332 2199 aequo
357 2149 488 2187 animo
515 2147 881 2198 tulit,‘magnopere
904 2146 1008 2196 prius
1035 2143 1129 2182 irata
1149 2144 1188 2183 L.
1217 2143 1371 2183 Othoni

89 2209 235 2250 auctori
250 2209 343 2261 legis
356 2239 367 2257 ‚
384 2209 489 2259 quod
503 2238 513 2256 ‚
533 2208 752 2248 discrimine
775 2206 871 2246 sedis
892 2205 1097 2244 constituto
1112 2234 1123 2252 ‚
1142 2204 1342 2255 indignam
1355 2235 1366 2252 3

91 2284 175 2322 qua:
199 2284 288 2311 cum
314 2271 505 2322 equitibus
531 2270 696 2317 sederet,
720 2267 918 2309 habuiffet.
944 2267 1057 2307 Forte
1080 2265 1292 2314 acciderat,
1323 2274 1368 2306 ut

139 2380 161 2423 5
184 2380 340 2413 XXXIX.
362 2381 494 2422 Flor.4,
512 2391 542 2413 1.
556 2379 634 2412 Liv.
650 2379 743 2423 Epit.
759 2379 847 2412 Plut.
870 2378 1015 2421 Appian.
1036 2377 1131 2410 civil.
1156 2377 1178 2408 1.
1195 2387 1228 2412 2.
1249 2376 1271 2423 §
1292 2375 1364 2413 XL

95 2423 228 2461 Sallust.
251 2425 340 2461 Plut.
362 2426 436 2462 cic.
456 2425 491 2461 in
513 2433 583 2472 tog.
609 2425 703 2462 caud,
722 2423 755 2459 δε
777 2424 858 2461 ibid,
874 2422 1000 2458 Ascon.
1017 2422 1166 2467 Appiam
