1675 2959
273 142 371 211 346
436 126 1454 197 JO.FRE1NSHEM118UPPLEM;

327 254 442 296 LVII.
474 256 662 297 Adversus
685 257 757 308 hos
782 256 874 295 duas
907 256 1076 306 legiones
1109 256 1224 295 Curio
1257 254 1553 305 transportavit,

271 317 310 356 ἅ
331 319 563 368 quingentos
591 320 761 369 equites,
792 317 952 357 navibus
978 318 1102 368 longis
1125 317 1334 357 duodecim
1352 346 1362 365 ,
1393 318 1428 356 &
1454 315 1553 354 mul-

265 377 321 415 tis
357 379 547 418 onerariis.
587 379 646 418 Ad
673 378 788 426 hujus
821 376 941 415 claffis
970 377 1217 427 conspectum
1244 378 1285 417 L.
1317 375 1437 417 Caesar
1460 376 1555 415 ado-

267 437 438 489 lescens,
473 442 538 490 qui
564 442 614 479 ad
646 439 834 489 Clupeam
859 440 1070 478 adventum
1097 439 1335 487 Julianorum
1363 451 1454 477 cum
1486 437 1555 477 de-

269 514 358 541 cem
389 503 554 542 rostratis
579 501 871 552 opperiebatur,
905 500 1152 541 multitudine
1180 500 1353 540 velorum
1379 501 1555 548 territus,

267 563 522 602 Adrumetum
551 562 731 612 perfugit.
759 562 876 602 Curio
901 572 1035 612 praeter
1065 562 1218 602 Uticam
1244 562 1296 600 ad
1316 562 1460 601 flumen
1485 561 1556 600 Ba-

267 626 385 676 grada
409 625 647 676 progreffus,
671 625 909 665 exscensione
934 625 1035 665 facta
1051 656 1063 674 ‚
1085 625 1201 667 castra
1230 624 1344 663 locat.
1376 623 1473 662 Inde
1503 623 1555 663 ad

269 685 506 736 exploranda
541 688 657 727 castra
690 687 866 727 Cornelia
904 687 1180 742 (nobilitatem
1209 697 1431 735 nomenque
1464 683 1555 723 loco

267 748 405 800 prioris
437 748 604 788 Africani
637 747 837 798 expeditio
870 748 1041 796 fecerat)
1070 759 1160 786 cum
1197 747 1369 797 equitatu
1404 746 1558 796 pergit;

270 809 423 861 levique
446 811 582 861 proelio
608 810 718 850 victis
743 809 943 858 Numidis,
961 809 1050 860 qui,
1065 818 1108 848 ut
1126 818 1254 848 tutum
1274 808 1481 859 agrestibus
1502 820 1559 846 re-

268 880 430 921 ceptum
453 871 648 918 facerent,
673 884 720 911 ex
748 871 875 910 castris
899 872 988 910 Vari
1010 872 1158 922 oppido
1180 871 1396 920 conjunctis
1420 883 1561 910 excur-

266 941 415 979 rerant,
454 933 489 971 ἃ
521 934 688 971 adventu
716 932 920 984 longarum
951 933 1110 972 navium-
1139 932 1343 979 audacior,
1379 943 1559 982 pronun-

267 995 340 1033 tiat
368 995 529 1035 navibus
555 995 761 1043 onerariis,
801 1009 884 1046 quae
913 1007 1073 1034 numero
1099 995 1252 1034 circiter
1285 994 1460 1033 ducentae
1487 993 1558 1032 sta.-

265 1056 363 1096 bant
391 1058 441 1096 ad
474 1058 654 1105 Uticam,
683 1073 749 1110 pro
781 1059 933 1110 hostibus
961 1060 1000 1110 fe
1034 1059 1258 1104 habiturum,
1288 1046 1350 1109 qzli
1387 1071 1457 1096 non
1493 1071 1559 1094 ex-

266 1119 393 1170 templo
417 1120 550 1172 curfizm
577 1121 627 1157 ad
646 1122 757 1172 castra
784 1120 943 1159 Cornelia
967 1110 1182 1170 direjczffent.

322 1181 457 1223 LVIII.
496 1181 680 1222 Obsecuti
713 1180 798 1220 sunt
835 1181 1020 1229 universi,
1059 1182 1349 1230 exercitumque
1380 1179 1562 1219 Curionis

269 1247 449 1284 omnium
478 1258 602 1285 rerum
632 1245 746 1296 copia
779 1246 1034 1296 repleverunt.
1071 1244 1171 1285 Mox
1202 1244 1341 1282 iterum
1368 1244 1409 1282 in
1439 1242 1558 1281 castra

269 1308 321 1347 ad
337 1307 544 1358 Bagradam
566 1307 603 1347 se
626 1308 771 1358 recepit
795 1307 910 1347 Curio
927 1337 938 1355 ,
964 1308 1051 1357 quia
1074 1305 1301 1353 adversarii,
1325 1304 1443 1344 castra
1467 1303 1560 1344 Cor-

268 1369 371 1410 nelia
402 1378 682 1420 occupaturum
713 1369 895 1416 divinati,
928 1382 1045 1418 aquas
1071 1379 1221 1406 veneno
1247 1367 1484 1412 infecerant3
1520 1366 1559 1405 Sc

269 1431 548 1471 acclamatione
573 1431 690 1469 totius
715 1430 904 1469 exercitus
931 1429 1143 1479 appellatus
1167 1429 1380 1478 Imperator,
1407 1428 1562 1478 postero

269 1493 336 1533 die
366 1502 496 1533 movet
528 1494 703 1539 Uticam,
733 1495 768 1532 δι’
801 1491 919 1530 castra
946 1503 1064 1540 prope
1087 1489 1276 1540 oppidum
1300 1490 1421 1537 ponit.
1450 1488 1560 1527 Non.

271 1557 365 1598 dum
392 1558 567 1607 perfeetis
594 1556 774 1607 operibus
790 1586 800 1604 ,
827 1556 870 1594 fit
895 1555 1057 1602 certior,
1074 1553 1198 1593 adesse
1216 1564 1354 1601 magna
1373 1550 1480 1599 Jubae
1502 1562 1560 1589 re-

271 1620 329 1671 gis
359 1618 519 1666 auxilia,
552 1618 781 1668 Uticamque
813 1616 888 1655 {ine
913 1617 1053 1654 timore
1090 1625 1272 1665 pergere:
1305 1612 1418 1662 igitur
1449 1611 1560 1661 equi-

268 1681 378 1722 tibus
411 1681 582 1721 immistis
617 1680 688 1719 hos
718 1678 926 1725 disturbat,
960 1680 997 1717 δε
1029 1689 1211 1727 magnum
1242 1674 1422 1713 interficit
1451 1673 1559 1725 pedi-
1617 1679 1619 1682 “

271 1751 356 1784 tum
380 1756 608 1789 numerum,
648 1742 713 1793 qui
748 1749 827 1781 tam
850 1740 1021 1780 celeriter
1046 1741 1084 1779 in
1109 1738 1296 1790 oppidum
1326 1737 1364 1776 se
1393 1737 1563 1786 recipere

272 1806 536 1856 nequiverant.
579 1805 655 1845 Sed
688 1804 864 1854 proxima
900 1805 1013 1842 noste
1045 1814 1133 1841 cum
1170 1800 1410 1839 centuriones
1447 1797 1565 1839 Mara

275 1870 354 1908 duo
387 1881 474 1907 cum
515 1866 815 1918 manipularibus
850 1864 997 1916 aliquot
1027 1865 1077 1903 ad
1112 1864 1253 1903 Varum
1290 1860 1563 1912 perfugissent,

272 1931 315 1969 in
350 1931 455 1980 spem
486 1929 550 1968 ille
579 1931 707 1976 venit,
741 1938 869 1967 totum
908 1927 1101 1977 corrumpi
1138 1925 1314 1966 Curionis
1349 1924 1561 1963 exercitum

272 1994 392 2044 poss'e.
430 1994 549 2039 Igitur
570 1994 720 2032 eductis
751 1991 993 2042 legionibus,
1027 2000 1067 2029 ut
1093 1991 1190 2028 inter
1211 1989 1248 2028 se
1282 1991 1317 2028 Sc
1349 1988 1560 2028 Curionem

274 2069 349 2094 una
372 2067 521 2094 tantum
548 2054 658 2093 vallis
682 2053 896 2101 interefl'et,
918 2065 1064 2091 tentare
1087 2051 1228 2090 milites
1251 2062 1318 2100 per
1331 2050 1414 2090 Sex,
1437 2048 1561 2097 Quin-

274 2118 399 2157 tilium
425 2119 563 2158 Varum
589 2118 729 2166 coepit,
755 2117 819 2165 qui
842 2115 883 2155 L.
902 2115 1062 2155 Domitii
1089 2115 1247 2165 quaestor
1271 2114 1320 2153 ad
1347 2112 1563 2153 Corfinium

275 2178 412 2217 fuerat.
441 2179 558 2228 Igitur
579 2188 692 2218 notos
712 2179 776 2218 fibi
800 2182 1042 2217 centuriones
1066 2176 1280 2227 militesque
1297 2173 1562 2224 compellans,

276 2252 317 2277 m
341 2242 391 2276 ad
416 2254 517 2291 prius
535 2241 787 2292 sacramentum
814 2242 976 2286 redirent,
1003 2237 1250 2285 obsecrabat,
1274 2238 1563 2288 relinquerentque

278 2303 390 2349 iilos,
413 2317 436 2339 a
459 2303 582 2353 quihus
606 2305 701 2354 capti
727 2303 951 2354 perfugarum
976 2301 1013 2338 in
1035 2315 1172 2339 numero
1200 2301 1422 2343 haberentur,
1443 2296 1477 2334 Cr·
1501 2311 1562 2347 per

272 2367 444 2419 ιίὶυηιηαιη
461 2363 697 2401 contumeliam
714 2365 775 2403 t'mc
790 2364 960 2401 vocabulo
973 2374 1187 2421 notarentur.
1203 2360 1391 2402 Postremo
1405 2358 1569 2412 largitio—

329 2483 350 2529 ᾗ
376 2482 510 2516 vau.
541 2482 679 2526 Appiam.
705 2480 789 2514 Caes.
815 2480 896 2514 Dm.
928 2480 1000 2513 Cic.
