1675 2959
306 88 399 182 ‘21⁸4
462 121 1078 176 JO.FRE1NSHEM11
1123 128 1488 180 SUPPLEM.·

302 230 404 271 inter
439 225 588 272 montes
623 233 730 272 aditu
766 233 841 273 tela
871 236 1053 286 utrinque
1091 238 1207 287 adiici
1243 239 1283 278 in
1322 241 1586 290 egredientem

299 292 466 344 possent.
497 293 615 344 Igitur
641 295 691 333 ad
722 296 810 334 octo
839 296 959 336 millia
984 298 1156 348 paffuum
1181 301 1273 340 inde
1312 301 1399 341 litua
1419 303 1582 353 planum

301 366 554 408 apertumque
577 353 701 406 petiit.

357 416 471 457 LVII.
496 414 551 456 Eo
576 429 727 467 quoque
749 417 836 458 loco
857 419 1124 466 Britannorum
1147 425 1337 473 equitatus
1357 428 1391 465 ἃ
1411 425 1582 465 essedarii
1618 436 1622 439 ·

299 476 344 522 se,
363 476 632 528 opposuerunt.
667 477 943 519 Effedariorum
963 482 1163 532 pugnandi
1182 486 1280 523 ratio
1308 487 1428 526 ferme
1451 487 1583 526 similis

303 538 379 581 fuit
409 539 466 584 ei,
494 551 577 588 quae
602 540 842 589 temporibus
865 543 1041 583 Heroicis
1061 545 1163 595 apud
1187 554 1320 595 poetas
1346 548 1587 589 adscribitur.

303 599 402 639 Cum
427 598 518 638 esset
545 599 610 639 diu
635 608 848 652 certatum,
877 603 1098 654 Romanos,
1128 619 1358 657 quamquam
1384 609 1585 660 iniquitate

302 663 381 703 loci
409 665 444 703 &c
474 677 575 703 novo
597 678 736 714 genere
761 680 899 718 pugnae
923 669 1204 720 turbabantur,
1227 666 1354 723 longae
1380 686 1517 723 naves,
1547 678 1584 715 Sc

302 724 432 764 emiffa
448 725 540 765 inde
553 728 754 768 tormentis
769 729 860 777 tela,
876 727 1038 776 vic'eores,
1059 732 1279 773 effecerunt.
1300 735 1468 775 Britanni
1483 767 1493 784 ,
1507 749 1585 774 ma-

302 788 359 838 gis
374 796 534 834 terr-ore,
550 801 664 839 quam
687 791 829 830 damno
851 793 1036 843 compulsi
1047 825 1060 841 ‚
1081 796 1186 846 quod
1200 797 1370 847 equitatu
1384 798 1583 837 destitutus

303 849 451 898 Caesar,
470 849 614 901 insequi
638 852 833 903 fugientes
849 857 1090 907 nequiverat,
1108 859 1255 909 legatos
1270 860 1461 901 miserunt.
1480 851 1594 902 Cum·

303 911 365 951 his
388 914 424 951 δι
446 912 605 952 Comius
630 915 787 955 Atrebas
819 920 949 966 venit,
977 932 1091 969 quem
1117 934 1137 960 a
1162 921 1306 962 Caesare
1331 924 1557 981 praemiffum
1574 956 1584 973 ,

300 982 354 1019 ut,
368 974 569 1014 Britannos
589 975 637 1014 ad
659 977 866 1018 amicitiam
889 981 1025 1030 populi
1042 982 1209 1022 Romani
1234 985 1521 1036 cohortaretur,
1547 990 1585 1028 δε

302 1036 352 1077 ab
379 1036 417 1076 se
440 1036 782 1087 comprehensum,
808 1040 894 1090 post
913 1041 1048 1082 infelix
1067 1043 1247 1093 proelium
1275 1045 1540 1089 liberaverant.

369 1098 502 1158 will.
536 1099 655 1141 Caesar
685 1100 762 1140 leni
793 1104 966 1142 oratione
997 1105 1210 1156 castigatis,
1236 1111 1330 1161 quod
1349 1124 1470 1164 pacem
1495 1112 1588 1149 ultro

296 1164 447 1216 petitam
479 1161 568 1201 bello
599 1177 670 1201 non
707 1165 890 1217 neceffim’o
925 1168 1169 1220 mutaviffent,
1208 1172 1337 1222 obsides
1368 1172 1582 1223 imperavit.

303 1224 438 1274 hisque
461 1224 658 1272 adductis,
679 1226 719 1264 in
749 1226 890 1267 faciem
914 1229 1092 1269 amicitiae
1112 1232 1249 1281 quietae
1271 1246 1328 1272 res
1355 1233 1429 1273 esse
1454 1247 1582 1286 coepe-

302 1294 415 1332 runt,
440 1284 735 1336 haudquaquam
757 1287 877 1328 solida
901 1298 967 1328 aut
984 1290 1164 1331 diuturna
1181 1293 1269 1333 fide.
1289 1295 1389 1334 Nam
1410 1296 1474 1335 ubi
1490 1306 1588 1336 tem-

300 1347 448 1399 pestate
477 1348 642 1396 disjectae
664 1362 801 1397 nave-s,
827 1351 966 1401 quibus
993 1354 1139 1403 equites
1161 1365 1268 1394 erant
1287 1357 1476 1407 impositi,
1501 1358 1584 1398 Bri-

303 1409 477 1449 tanniam
495 1416 624 1447 tenere
646 1411 928 1465 nequiverunt;
954 1413 1140 1467 navesque
1165 1415 1338 1463 Caesaris,
1362 1417 1503 1467 ignotis
1527 1418 1586 1457 lo-

306 1472 362 1510 cis
382 1472 430 1510 ad
459 1482 616 1510 ancoras
641 1471 799 1520 stantes,
827 1474 963 1512 eadem
993 1476 1193 1526 tempestas
1217 1478 1429 1529 confregit,
1448 1488 1513 1519 aut
1536 1481 1585 1520 ad

302 1533 563 1583 navigandum
585 1534 755 1574 reddidit
774 1534 951 1584 inutiles,
970 1537 1071 1576 coire
1086 1537 1292 1588 Britannis,
1314 1539 1469 1581 miscere
1493 1554 1583 1581 con-

302 1595 404 1642 silia,
435 1595 622 1645 postremo
647 1595 834 1635 resumere
859 1610 963 1636 arma
989 1598 1156 1648 placuit,
1178 1600 1284 1649 quod
1310 1601 1517 1642 exercitum
1542 1603 1586 1642 si.

304 1670 356 1697 ne
376 1664 594 1695 commeatu
608 1687 617 1704 ‚
636 1656 712 1695 fine
732 1657 890 1697 navibus
914 1659 952 1696 in
979 1658 1102 1698 hostili
1124 1659 1204 1699 folo
1223 1661 1355 1712 iniquo
1373 1663 1462 1701 anni
1488 1673 1584 1703 tem-

300 1730 402 1770 ‘pore
428 1717 702 1767 deprehensum
720 1749 731 1766 ,
759 1718 873 1758 facile
902 1719 1143 1771 superaturos
1167 1721 1203 1761 se
1227 1725 1432 1772 putabant:
1461 1726 1585 1765 vicio·-

302 1779 443 1830 1iaeque
475 1780 672 1830 praemium
710 1794 789 1820 non
829 1782 925 1821 intra
963 1783 1154 1833 praesentia
1191 1794 1339 1825 tantum
1376 1789 1585 1828 commoda

305 1842 484 1883 staturum
506 1843 711 1891 rebantur,
737 1844 826 1894 sed,
855 1845 912 1885 his
938 1846 1073 1886 deletis
1103 1850 1252 1899 copiis,
1283 1850 1427 1889 nemini
1456 1851 1584 1902 postea

302 1906 484 1946 veniendi
509 1906 557 1945 ad
586 1906 786 1946 Britannos
811 1909 1009 1948 audaciam
1035 1910 1128 1950 fore.

360 1967 461 2007 LIX.
495 1968 613 2017 Igitur
642 1967 833 2018 legionem
865 1969 1092 2021 septimam,
1131 1985 1213 2023 quae
1241 1973 1344 2012 missa
1373 1974 1584 2015 frumenta-

304 2036 387 2068 tum
421 2029 566 2078 fuerat,
599 2030 723 2071 subito
749 2034 937 2072 maximus
958 2039 1139 2076 numerus
1163 2036 1317 2087 aggressi
1344 2047 1464 2076 totam
1495 2051 1585 2077 con-

305 2091 483 2137 cidissent
499 2121 509 2138 ,
534 2093 601 2131 nisi
633 2093 780 2144 pulvis,
806 2095 921 2135 solito
943 2099 1063 2146 major
1088 2111 1135 2138 ex
1156 2100 1201 2138 iis
1229 2099 1321 2138 locis
1336 2100 1583 2152 conspectus,

306 2154 492 2192 baeiarem
533 2155 760 2195 advertisset.
806 2158 893 2197 Hoc
929 2158 1101 2198 celeriter
1127 2160 1399 2209 subveniente,
1442 2160 1585 2202 servata

304 2215 407 2263 legio
435 2215 497 2253 est.
527 2214 676 2264 hostes,
700 2220 773 2258 alio
798 2221 938 2258 deinde
959 2221 1095 2270 proelio
1120 2223 1231 2268 victi,
1259 2237 1346 2262 cum
1364 2225 1499 2263 iterum
1517 2227 1585 2263 mi.

271 2287 275 2296 ¹
304 2260 617 2328 iiss‘entle‘gatos;
647 2279 792 2330 Caesar,
819 2282 979 2321 infirmis
1014 2284 1173 2326 navibus
1212 2298 1291 2324 non
1327 2285 1400 2324 esse
1435 2287 1581 2325 diutius·

351 2396 372 2439 ᾖ
399 2399 487 2432 LVI.
510 2398 617 2430 Strab.
645 2400 668 2429 l.
696 2411 725 2439 4.
754 2400 896 2434 Diodor.
924 2402 1010 2435 Plut.
1044 2403 1064 2444 §
1088 2405 1191 2436 LVII.
1220 2405 1303 2436 Ces.
1325 2406 1395 2438 Cic.
1421 2407 1459 2439 dc
1476 2417 1578 2452 prox}

307 2440 398 2476 cons.
425 2454 452 2476 c.
473 2452 504 2485 9-
528 2443 550 2488 §
574 2443 694 2479 LV111.
723 2444 798 2480 Cicc
819 2447 860 2481 dc
887 2446 1022 2492 harusp.
1048 2449 1134 2493 resp.
1158 2461 1187 2484 ς.
1208 2459 1239 2492 9.
1258 2450 1398 2483 Diodor.
