<?xml version="1.0" encoding="UTF-8"?>
<!DOCTYPE html PUBLIC "-//W3C//DTD XHTML 1.0 Transitional//EN"
    "http://www.w3.org/TR/xhtml1/DTD/xhtml1-transitional.dtd">
<html xmlns="http://www.w3.org/1999/xhtml" xml:lang="en" lang="en">
 <head>
  <title>
</title>
<meta http-equiv="Content-Type" content="text/html;charset=utf-8" />
  <meta name='ocr-system' content='tesseract 3.04.00' />
  <meta name='ocr-capabilities' content='ocr_page ocr_carea ocr_par ocr_line ocrx_word'/>
</head>
<body>
  <div class='ocr_page' id='page_1' title='image "./historiarumlibri10livyuoft_0283.png"; bbox 0 0 1675 2959; ppageno 0'>
   <div class='ocr_carea' id='block_1_1' title="bbox 291 78 1343 163">
    <p class='ocr_par' dir='ltr' id='par_1_1' title="bbox 291 78 1343 163">
     <span class='ocr_line' id='line_1_1' title="bbox 291 78 1343 163; baseline 0.001 -15"><span class='ocrx_word' id='word_1_1' title='bbox 291 102 369 148; x_wconf 77' lang='lat' dir='ltr'><strong>IN</strong></span> <span class='ocrx_word' id='word_1_2' title='bbox 413 100 579 148; x_wconf 79' lang='lat' dir='ltr'><strong>Loc.</strong></span> <span class='ocrx_word' id='word_1_3' title='bbox 627 78 756 147; x_wconf 61' lang='grc' dir='ltr'><strong>ΜΒ.</strong></span> <span class='ocrx_word' id='word_1_4' title='bbox 801 101 925 147; x_wconf 73' lang='lat' dir='ltr'><strong>cvii</strong></span> <span class='ocrx_word' id='word_1_5' title='bbox 970 103 1113 147; x_wconf 70' lang='lat' dir='ltr'><strong>riv,</strong></span> <span class='ocrx_word' id='word_1_6' title='bbox 1257 119 1343 163; x_wconf 83' lang='lat'><strong>251</strong></span> 
     </span>
    </p>
   </div>
   <div class='ocr_carea' id='block_1_2' title="bbox 68 206 1360 2117">
    <p class='ocr_par' dir='ltr' id='par_1_2' title="bbox 68 206 1352 372">
     <span class='ocr_line' id='line_1_2' title="bbox 69 206 1352 258; baseline -0.002 -10"><span class='ocrx_word' id='word_1_7' title='bbox 69 206 289 249; x_wconf 82' lang='lat' dir='ltr'><strong>fimulanter</strong></span> <span class='ocrx_word' id='word_1_8' title='bbox 321 215 458 258; x_wconf 84' lang='lat' dir='ltr'>agente</span> <span class='ocrx_word' id='word_1_9' title='bbox 477 236 488 255; x_wconf 91' lang='lat'>‚</span> <span class='ocrx_word' id='word_1_10' title='bbox 520 215 588 255; x_wconf 91' lang='lat' dir='ltr'><strong>ut,</strong></span> <span class='ocrx_word' id='word_1_11' title='bbox 617 207 838 257; x_wconf 82' lang='lat' dir='ltr'><strong>perturbato</strong></span> <span class='ocrx_word' id='word_1_12' title='bbox 866 218 992 245; x_wconf 89' lang='lat' dir='ltr'><strong>rerum</strong></span> <span class='ocrx_word' id='word_1_13' title='bbox 1016 208 1133 254; x_wconf 80' lang='lat' dir='ltr'><strong>statu,</strong></span> <span class='ocrx_word' id='word_1_14' title='bbox 1167 207 1352 247; x_wconf 63' lang='lat' dir='ltr'><strong>dieratore</strong></span> 
     </span>
     <span class='ocr_line' id='line_1_3' title="bbox 70 268 1351 320; baseline -0.002 -11"><span class='ocrx_word' id='word_1_15' title='bbox 70 283 167 320; x_wconf 90' lang='lat' dir='ltr'><strong>opus</strong></span> <span class='ocrx_word' id='word_1_16' title='bbox 202 269 359 311; x_wconf 86' lang='lat' dir='ltr'><strong>haberet</strong></span> <span class='ocrx_word' id='word_1_17' title='bbox 387 268 620 320; x_wconf 76' lang='lat' dir='ltr'><strong>respublica,</strong></span> <span class='ocrx_word' id='word_1_18' title='bbox 636 282 751 319; x_wconf 91' lang='lat' dir='ltr'><strong>quem</strong></span> <span class='ocrx_word' id='word_1_19' title='bbox 775 268 813 308; x_wconf 87' lang='lat' dir='ltr'><strong>se</strong></span> <span class='ocrx_word' id='word_1_20' title='bbox 838 269 969 318; x_wconf 88' lang='lat' dir='ltr'><strong>utique</strong></span> <span class='ocrx_word' id='word_1_21' title='bbox 992 268 1167 309; x_wconf 87' lang='lat' dir='ltr'><strong>futurum</strong></span> <span class='ocrx_word' id='word_1_22' title='bbox 1194 268 1267 307; x_wconf 85' lang='lat' dir='ltr'><strong>effe</strong></span> <span class='ocrx_word' id='word_1_23' title='bbox 1292 268 1351 307; x_wconf 88' lang='lat' dir='ltr'><strong>ni-</strong></span> 
     </span>
     <span class='ocr_line' id='line_1_4' title="bbox 68 331 375 372; baseline 0.003 -2"><span class='ocrx_word' id='word_1_24' title='bbox 68 331 128 370; x_wconf 88' lang='lat' dir='ltr'><strong>hil</strong></span> <span class='ocrx_word' id='word_1_25' title='bbox 161 332 375 372; x_wconf 86' lang='lat' dir='ltr'>dubitabat.</span> 
     </span>
    </p>

    <p class='ocr_par' dir='ltr' id='par_1_3' title="bbox 70 391 1358 994">
     <span class='ocr_line' id='line_1_5' title="bbox 126 391 1355 444; baseline 0 -12"><span class='ocrx_word' id='word_1_26' title='bbox 126 393 241 433; x_wconf 89' lang='lat' dir='ltr'>XIX.</span> <span class='ocrx_word' id='word_1_27' title='bbox 282 394 465 433; x_wconf 89' lang='lat' dir='ltr'><strong>Praeterea</strong></span> <span class='ocrx_word' id='word_1_28' title='bbox 498 392 698 444; x_wconf 82' lang='lat' dir='ltr'><strong>gratificari</strong></span> <span class='ocrx_word' id='word_1_29' title='bbox 732 393 912 443; x_wconf 87' lang='lat' dir='ltr'><strong>cupiebat</strong></span> <span class='ocrx_word' id='word_1_30' title='bbox 937 392 1120 440; x_wconf 84' lang='lat' dir='ltr'><strong>Metello,</strong></span> <span class='ocrx_word' id='word_1_31' title='bbox 1147 392 1213 442; x_wconf 89' lang='lat' dir='ltr'><strong>qui</strong></span> <span class='ocrx_word' id='word_1_32' title='bbox 1234 391 1355 432; x_wconf 84' lang='lat' dir='ltr'><strong>filiam</strong></span> 
     </span>
     <span class='ocr_line' id='line_1_6' title="bbox 72 453 1356 504; baseline 0.002 -12"><span class='ocrx_word' id='word_1_33' title='bbox 72 453 107 492; x_wconf 89' lang='lat' dir='ltr'><strong>ei</strong></span> <span class='ocrx_word' id='word_1_34' title='bbox 139 453 395 504; x_wconf 85' lang='lat' dir='ltr'>desponderat</span> <span class='ocrx_word' id='word_1_35' title='bbox 424 454 667 501; x_wconf 86' lang='lat' dir='ltr'>Corneliam,</span> <span class='ocrx_word' id='word_1_36' title='bbox 703 455 740 493; x_wconf 92' lang='lat' dir='ltr'><strong>P.</strong></span> <span class='ocrx_word' id='word_1_37' title='bbox 770 454 886 494; x_wconf 85' lang='lat' dir='ltr'><strong>Crassi</strong></span> <span class='ocrx_word' id='word_1_38' title='bbox 911 456 1093 503; x_wconf 83' lang='lat' dir='ltr'><strong>viduam,</strong></span> <span class='ocrx_word' id='word_1_39' title='bbox 1124 456 1206 503; x_wconf 90' lang='lat' dir='ltr'><strong>ejus</strong></span> <span class='ocrx_word' id='word_1_40' title='bbox 1238 468 1356 504; x_wconf 88' lang='lat' dir='ltr'><strong>quem</strong></span> 
     </span>
     <span class='ocr_line' id='line_1_7' title="bbox 70 515 1356 567; baseline -0.002 -10"><span class='ocrx_word' id='word_1_41' title='bbox 70 515 201 557; x_wconf 88' lang='lat' dir='ltr'>Parthi</span> <span class='ocrx_word' id='word_1_42' title='bbox 238 530 360 567; x_wconf 85' lang='lat' dir='ltr'><strong>nuper</strong></span> <span class='ocrx_word' id='word_1_43' title='bbox 381 518 662 557; x_wconf 86' lang='lat' dir='ltr'><strong>interfecerant.</strong></span> <span class='ocrx_word' id='word_1_44' title='bbox 693 516 843 556; x_wconf 87' lang='lat' dir='ltr'><strong>Idcirco</strong></span> <span class='ocrx_word' id='word_1_45' title='bbox 866 530 956 556; x_wconf 89' lang='lat' dir='ltr'><strong>curn</strong></span> <span class='ocrx_word' id='word_1_46' title='bbox 982 531 1015 556; x_wconf 88' lang='lat' dir='ltr'><strong>a.</strong></span> <span class='ocrx_word' id='word_1_47' title='bbox 1040 518 1076 557; x_wconf 91' lang='lat' dir='ltr'><strong>d.</strong></span> <span class='ocrx_word' id='word_1_48' title='bbox 1097 518 1154 557; x_wconf 89' lang='lat' dir='ltr'><strong>III</strong></span> <span class='ocrx_word' id='word_1_49' title='bbox 1176 517 1260 557; x_wconf 84' lang='lat' dir='ltr'><strong>Kal.</strong></span> <span class='ocrx_word' id='word_1_50' title='bbox 1286 517 1356 556; x_wconf 86' lang='lat' dir='ltr'><strong>Fe-</strong></span> 
     </span>
     <span class='ocr_line' id='line_1_8' title="bbox 72 580 1358 632; baseline -0.002 -14"><span class='ocrx_word' id='word_1_51' title='bbox 72 580 242 620; x_wconf 88' lang='lat' dir='ltr'><strong>bruarias</strong></span> <span class='ocrx_word' id='word_1_52' title='bbox 270 583 499 632; x_wconf 85' lang='lat' dir='ltr'><strong>interregem</strong></span> <span class='ocrx_word' id='word_1_53' title='bbox 525 581 640 619; x_wconf 89' lang='lat' dir='ltr'><strong>creari</strong></span> <span class='ocrx_word' id='word_1_54' title='bbox 668 581 787 618; x_wconf 89' lang='lat' dir='ltr'><strong>moris</strong></span> <span class='ocrx_word' id='word_1_55' title='bbox 818 580 932 627; x_wconf 67' lang='lat' dir='ltr'><strong>esset,</strong></span> <span class='ocrx_word' id='word_1_56' title='bbox 963 582 1118 619; x_wconf 67' lang='lat' dir='ltr'><strong>auctore</strong></span> <span class='ocrx_word' id='word_1_57' title='bbox 1145 580 1358 629; x_wconf 72' lang='lat' dir='ltr'><strong>PompeJo,</strong></span> 
     </span>
     <span class='ocr_line' id='line_1_9' title="bbox 71 641 1356 690; baseline -0.004 -7"><span class='ocrx_word' id='word_1_58' title='bbox 71 642 118 683; x_wconf 93' lang='lat' dir='ltr'><strong>T.</strong></span> <span class='ocrx_word' id='word_1_59' title='bbox 148 643 343 682; x_wconf 83' lang='lat' dir='ltr'>Munatius</span> <span class='ocrx_word' id='word_1_60' title='bbox 378 642 539 683; x_wconf 83' lang='lat' dir='ltr'>Plancus</span> <span class='ocrx_word' id='word_1_61' title='bbox 562 641 791 690; x_wconf 83' lang='lat' dir='ltr'><strong>interceffit‚</strong></span> <span class='ocrx_word' id='word_1_62' title='bbox 815 655 863 680; x_wconf 85' lang='lat' dir='ltr'><strong>ne</strong></span> <span class='ocrx_word' id='word_1_63' title='bbox 885 642 933 682; x_wconf 89' lang='lat' dir='ltr'><strong>ad</strong></span> <span class='ocrx_word' id='word_1_64' title='bbox 956 642 1128 681; x_wconf 85' lang='lat' dir='ltr'><strong>senatum</strong></span> <span class='ocrx_word' id='word_1_65' title='bbox 1152 642 1356 680; x_wconf 83' lang='lat' dir='ltr'><strong>referretur</strong></span> 
     </span>
     <span class='ocr_line' id='line_1_10' title="bbox 73 703 1356 756; baseline -0.002 -13"><span class='ocrx_word' id='word_1_66' title='bbox 73 705 123 743; x_wconf 88' lang='lat' dir='ltr'><strong>de</strong></span> <span class='ocrx_word' id='word_1_67' title='bbox 154 706 323 755; x_wconf 83' lang='lat' dir='ltr'><strong>patriciis</strong></span> <span class='ocrx_word' id='word_1_68' title='bbox 347 705 632 753; x_wconf 78' lang='lat' dir='ltr'>convocandis,</span> <span class='ocrx_word' id='word_1_69' title='bbox 656 706 718 755; x_wconf 85' lang='lat' dir='ltr'><strong>qui</strong></span> <span class='ocrx_word' id='word_1_70' title='bbox 743 706 969 755; x_wconf 85' lang='lat' dir='ltr'><strong>interregem</strong></span> <span class='ocrx_word' id='word_1_71' title='bbox 1001 706 1217 756; x_wconf 85' lang='lat' dir='ltr'><strong>proderent.</strong></span> <span class='ocrx_word' id='word_1_72' title='bbox 1252 703 1356 743; x_wconf 85' lang='lat' dir='ltr'><strong>Inter</strong></span> 
     </span>
     <span class='ocr_line' id='line_1_11' title="bbox 71 765 1356 817; baseline -0.002 -12"><span class='ocrx_word' id='word_1_73' title='bbox 71 778 136 805; x_wconf 88' lang='lat' dir='ltr'><strong>eas</strong></span> <span class='ocrx_word' id='word_1_74' title='bbox 151 779 277 806; x_wconf 88' lang='lat' dir='ltr'><strong>moras</strong></span> <span class='ocrx_word' id='word_1_75' title='bbox 291 767 413 815; x_wconf 80' lang='lat' dir='ltr'><strong>Milo,</strong></span> <span class='ocrx_word' id='word_1_76' title='bbox 432 768 587 810; x_wconf 89' lang='lat' dir='ltr'><strong>moleste</strong></span> <span class='ocrx_word' id='word_1_77' title='bbox 603 769 727 806; x_wconf 87' lang='lat' dir='ltr'><strong>ferens</strong></span> <span class='ocrx_word' id='word_1_78' title='bbox 740 798 752 813; x_wconf 89' lang='lat'>,</span> <span class='ocrx_word' id='word_1_79' title='bbox 778 780 799 806; x_wconf 88' lang='lat' dir='ltr'><strong>a</strong></span> <span class='ocrx_word' id='word_1_80' title='bbox 813 767 998 817; x_wconf 88' lang='lat' dir='ltr'><strong>Pompejo</strong></span> <span class='ocrx_word' id='word_1_81' title='bbox 1015 767 1052 806; x_wconf 87' lang='lat' dir='ltr'><strong>se</strong></span> <span class='ocrx_word' id='word_1_82' title='bbox 1075 765 1275 817; x_wconf 86' lang='lat' dir='ltr'><strong>perfidiose</strong></span> <span class='ocrx_word' id='word_1_83' title='bbox 1297 766 1356 803; x_wconf 90' lang='lat' dir='ltr'><strong>lu-</strong></span> 
     </span>
     <span class='ocr_line' id='line_1_12' title="bbox 73 829 1355 881; baseline 0 -14"><span class='ocrx_word' id='word_1_84' title='bbox 73 829 133 877; x_wconf 83' lang='lat' dir='ltr'><strong>di,</strong></span> <span class='ocrx_word' id='word_1_85' title='bbox 161 829 269 869; x_wconf 86' lang='lat' dir='ltr'><strong>fimul</strong></span> <span class='ocrx_word' id='word_1_86' title='bbox 298 833 386 881; x_wconf 89' lang='lat' dir='ltr'><strong>quia</strong></span> <span class='ocrx_word' id='word_1_87' title='bbox 413 831 598 879; x_wconf 89' lang='lat' dir='ltr'><strong>Lanuvii,</strong></span> <span class='ocrx_word' id='word_1_88' title='bbox 620 843 667 869; x_wconf 83' lang='lat' dir='ltr'><strong>ex</strong></span> <span class='ocrx_word' id='word_1_89' title='bbox 689 843 764 880; x_wconf 88' lang='lat' dir='ltr'><strong>quo</strong></span> <span class='ocrx_word' id='word_1_90' title='bbox 793 830 1005 879; x_wconf 84' lang='lat' dir='ltr'><strong>municipio</strong></span> <span class='ocrx_word' id='word_1_91' title='bbox 1028 837 1134 877; x_wconf 84' lang='lat' dir='ltr'><strong>erat,</strong></span> <span class='ocrx_word' id='word_1_92' title='bbox 1155 829 1355 868; x_wconf 87' lang='lat' dir='ltr'><strong>flaminem</strong></span> 
     </span>
     <span class='ocr_line' id='line_1_13' title="bbox 73 890 1356 943; baseline -0.002 -15"><span class='ocrx_word' id='word_1_93' title='bbox 73 902 96 928; x_wconf 83' lang='lat' dir='ltr'><strong>a</strong></span> <span class='ocrx_word' id='word_1_94' title='bbox 126 891 311 931; x_wconf 70' lang='lat' dir='ltr'><strong>dictatore</strong></span> <span class='ocrx_word' id='word_1_95' title='bbox 343 894 456 943; x_wconf 89' lang='lat' dir='ltr'><strong>prodi</strong></span> <span class='ocrx_word' id='word_1_96' title='bbox 492 900 580 931; x_wconf 87' lang='lat' dir='ltr'><strong>ante</strong></span> <span class='ocrx_word' id='word_1_97' title='bbox 608 898 754 930; x_wconf 87' lang='lat' dir='ltr'><strong>certum</strong></span> <span class='ocrx_word' id='word_1_98' title='bbox 792 891 895 929; x_wconf 82' lang='lat' dir='ltr'><strong>diem</strong></span> <span class='ocrx_word' id='word_1_99' title='bbox 926 890 1156 940; x_wconf 76' lang='lat' dir='ltr'><strong>oportebat,</strong></span> <span class='ocrx_word' id='word_1_100' title='bbox 1189 903 1235 929; x_wconf 88' lang='lat' dir='ltr'><strong>eo</strong></span> <span class='ocrx_word' id='word_1_101' title='bbox 1261 901 1356 939; x_wconf 84' lang='lat' dir='ltr'><strong>pro·</strong></span> 
     </span>
     <span class='ocr_line' id='line_1_14' title="bbox 71 950 1149 994; baseline -0.001 -4"><span class='ocrx_word' id='word_1_102' title='bbox 71 950 194 991; x_wconf 65' lang='lat' dir='ltr'><strong>festus</strong></span> <span class='ocrx_word' id='word_1_103' title='bbox 221 953 284 992; x_wconf 87' lang='lat' dir='ltr'><strong>est.</strong></span> <span class='ocrx_word' id='word_1_104' title='bbox 317 954 403 994; x_wconf 82' lang='lat' dir='ltr'><strong>Erat</strong></span> <span class='ocrx_word' id='word_1_105' title='bbox 431 955 535 993; x_wconf 88' lang='lat' dir='ltr'><strong>enim</strong></span> <span class='ocrx_word' id='word_1_106' title='bbox 560 960 643 992; x_wconf 86' lang='lat' dir='ltr'><strong>tum</strong></span> <span class='ocrx_word' id='word_1_107' title='bbox 671 953 834 991; x_wconf 65' lang='lat' dir='ltr'><strong>dictator</strong></span> <span class='ocrx_word' id='word_1_108' title='bbox 858 952 1017 992; x_wconf 78' lang='lat' dir='ltr'><strong>Lanuvii</strong></span> <span class='ocrx_word' id='word_1_109' title='bbox 1038 950 1149 991; x_wconf 85' lang='lat' dir='ltr'><strong>Milo.</strong></span> 
     </span>
    </p>

    <p class='ocr_par' dir='ltr' id='par_1_4' title="bbox 70 1010 1360 1868">
     <span class='ocr_line' id='line_1_15' title="bbox 128 1010 1356 1065; baseline -0.003 -13"><span class='ocrx_word' id='word_1_110' title='bbox 128 1012 223 1053; x_wconf 93' lang='lat' dir='ltr'><strong>XX.</strong></span> <span class='ocrx_word' id='word_1_111' title='bbox 259 1012 375 1054; x_wconf 87' lang='lat' dir='ltr'><strong>Forte</strong></span> <span class='ocrx_word' id='word_1_112' title='bbox 401 1028 469 1065; x_wconf 91' lang='lat' dir='ltr'><strong>per</strong></span> <span class='ocrx_word' id='word_1_113' title='bbox 491 1015 595 1053; x_wconf 87' lang='lat' dir='ltr'><strong>idem</strong></span> <span class='ocrx_word' id='word_1_114' title='bbox 623 1022 777 1063; x_wconf 85' lang='lat' dir='ltr'><strong>tempus</strong></span> <span class='ocrx_word' id='word_1_115' title='bbox 809 1013 846 1052; x_wconf 92' lang='lat' dir='ltr'><strong>P.</strong></span> <span class='ocrx_word' id='word_1_116' title='bbox 876 1012 1035 1052; x_wconf 84' lang='lat' dir='ltr'><strong>Clodius</strong></span> <span class='ocrx_word' id='word_1_117' title='bbox 1063 1011 1194 1051; x_wconf 85' lang='lat' dir='ltr'><strong>Ariciae</strong></span> <span class='ocrx_word' id='word_1_118' title='bbox 1219 1010 1356 1048; x_wconf 87' lang='lat' dir='ltr'><strong>fuerat.</strong></span> 
     </span>
     <span class='ocr_line' id='line_1_16' title="bbox 70 1071 1354 1126; baseline -0.005 -12"><span class='ocrx_word' id='word_1_119' title='bbox 70 1073 193 1123; x_wconf 87' lang='lat' dir='ltr'><strong>Igitur</strong></span> <span class='ocrx_word' id='word_1_120' title='bbox 223 1076 401 1126; x_wconf 87' lang='lat' dir='ltr'><strong>postridie</strong></span> <span class='ocrx_word' id='word_1_121' title='bbox 432 1077 606 1124; x_wconf 64' lang='lat' dir='ltr'><strong>factum,</strong></span> <span class='ocrx_word' id='word_1_122' title='bbox 636 1084 680 1114; x_wconf 91' lang='lat' dir='ltr'><strong>ut</strong></span> <span class='ocrx_word' id='word_1_123' title='bbox 706 1075 744 1112; x_wconf 91' lang='lat' dir='ltr'><strong>in</strong></span> <span class='ocrx_word' id='word_1_124' title='bbox 773 1075 893 1124; x_wconf 84' lang='lat' dir='ltr'><strong>Appia</strong></span> <span class='ocrx_word' id='word_1_125' title='bbox 919 1074 980 1112; x_wconf 88' lang='lat' dir='ltr'><strong>via</strong></span> <span class='ocrx_word' id='word_1_126' title='bbox 1005 1071 1120 1124; x_wconf 86' lang='lat' dir='ltr'><strong>paulo</strong></span> <span class='ocrx_word' id='word_1_127' title='bbox 1150 1071 1250 1110; x_wconf 87' lang='lat' dir='ltr'><strong>ultra</strong></span> <span class='ocrx_word' id='word_1_128' title='bbox 1278 1071 1354 1109; x_wconf 88' lang='lat' dir='ltr'><strong>Bo-</strong></span> 
     </span>
     <span class='ocr_line' id='line_1_17' title="bbox 70 1130 1355 1183; baseline -0.007 -6"><span class='ocrx_word' id='word_1_129' title='bbox 70 1136 180 1177; x_wconf 82' lang='lat' dir='ltr'><strong>villas</strong></span> <span class='ocrx_word' id='word_1_130' title='bbox 206 1138 453 1179; x_wconf 85' lang='lat' dir='ltr'><strong>inimiciffimi</strong></span> <span class='ocrx_word' id='word_1_131' title='bbox 475 1138 654 1178; x_wconf 86' lang='lat' dir='ltr'><strong>homines</strong></span> <span class='ocrx_word' id='word_1_132' title='bbox 678 1136 745 1175; x_wconf 85' lang='lat' dir='ltr'><strong>fibi</strong></span> <span class='ocrx_word' id='word_1_133' title='bbox 763 1143 1034 1175; x_wconf 82' lang='lat' dir='ltr'><strong>occurrerent:</strong></span> <span class='ocrx_word' id='word_1_134' title='bbox 1062 1132 1264 1183; x_wconf 83' lang='lat' dir='ltr'><strong>exitusque</strong></span> <span class='ocrx_word' id='word_1_135' title='bbox 1289 1130 1355 1168; x_wconf 90' lang='lat' dir='ltr'><strong>hic</strong></span> 
     </span>
     <span class='ocr_line' id='line_1_18' title="bbox 71 1193 1356 1252; baseline -0.005 -16"><span class='ocrx_word' id='word_1_136' title='bbox 71 1199 126 1237; x_wconf 83' lang='lat' dir='ltr'><strong>rei</strong></span> <span class='ocrx_word' id='word_1_137' title='bbox 156 1199 253 1249; x_wconf 86' lang='lat' dir='ltr'><strong>fuit,</strong></span> <span class='ocrx_word' id='word_1_138' title='bbox 276 1208 340 1249; x_wconf 87' lang='lat' dir='ltr'><strong>ut,</strong></span> <span class='ocrx_word' id='word_1_139' title='bbox 370 1214 498 1252; x_wconf 88' lang='lat' dir='ltr'><strong>pugna</strong></span> <span class='ocrx_word' id='word_1_140' title='bbox 518 1200 675 1246; x_wconf 87' lang='lat' dir='ltr'><strong>oborta,</strong></span> <span class='ocrx_word' id='word_1_141' title='bbox 701 1198 892 1249; x_wconf 74' lang='lat' dir='ltr'><strong>percussus</strong></span> <span class='ocrx_word' id='word_1_142' title='bbox 917 1211 937 1237; x_wconf 89' lang='lat' dir='ltr'><strong>a</strong></span> <span class='ocrx_word' id='word_1_143' title='bbox 960 1196 1171 1248; x_wconf 80' lang='lat' dir='ltr'><strong>gladiatore</strong></span> <span class='ocrx_word' id='word_1_144' title='bbox 1195 1193 1356 1235; x_wconf 81' lang='lat' dir='ltr'><strong>Milonis</strong></span> 
     </span>
     <span class='ocr_line' id='line_1_19' title="bbox 74 1254 1357 1310; baseline -0.005 -13"><span class='ocrx_word' id='word_1_145' title='bbox 74 1259 234 1299; x_wconf 87' lang='lat' dir='ltr'><strong>Clodius</strong></span> <span class='ocrx_word' id='word_1_146' title='bbox 258 1261 298 1299; x_wconf 89' lang='lat' dir='ltr'><strong>in</strong></span> <span class='ocrx_word' id='word_1_147' title='bbox 328 1262 527 1301; x_wconf 84' lang='lat' dir='ltr'><strong>tabernam</strong></span> <span class='ocrx_word' id='word_1_148' title='bbox 552 1261 766 1310; x_wconf 81' lang='lat' dir='ltr'><strong>proximam</strong></span> <span class='ocrx_word' id='word_1_149' title='bbox 790 1259 1065 1309; x_wconf 84' lang='lat' dir='ltr'><strong>deportaretur.</strong></span> <span class='ocrx_word' id='word_1_150' title='bbox 1097 1257 1185 1296; x_wconf 90' lang='lat' dir='ltr'><strong>Hoc</strong></span> <span class='ocrx_word' id='word_1_151' title='bbox 1209 1254 1276 1294; x_wconf 92' lang='lat' dir='ltr'><strong>ubi</strong></span> <span class='ocrx_word' id='word_1_152' title='bbox 1301 1265 1357 1291; x_wconf 85' lang='lat' dir='ltr'><strong>re-</strong></span> 
     </span>
     <span class='ocr_line' id='line_1_20' title="bbox 73 1318 1360 1371; baseline -0.005 -12"><span class='ocrx_word' id='word_1_153' title='bbox 73 1319 185 1359; x_wconf 86' lang='lat' dir='ltr'><strong>scivit</strong></span> <span class='ocrx_word' id='word_1_154' title='bbox 211 1321 333 1370; x_wconf 83' lang='lat' dir='ltr'><strong>Milo,</strong></span> <span class='ocrx_word' id='word_1_155' title='bbox 352 1322 594 1361; x_wconf 86' lang='lat' dir='ltr'><strong>subeundum</strong></span> <span class='ocrx_word' id='word_1_156' title='bbox 618 1334 724 1371; x_wconf 85' lang='lat' dir='ltr'><strong>aeque</strong></span> <span class='ocrx_word' id='word_1_157' title='bbox 748 1320 934 1360; x_wconf 83' lang='lat' dir='ltr'><strong>vulnerati</strong></span> <span class='ocrx_word' id='word_1_158' title='bbox 955 1318 1122 1358; x_wconf 88' lang='lat' dir='ltr'><strong>hominis</strong></span> <span class='ocrx_word' id='word_1_159' title='bbox 1147 1329 1262 1366; x_wconf 85' lang='lat' dir='ltr'><strong>atque</strong></span> <span class='ocrx_word' id='word_1_160' title='bbox 1284 1326 1360 1353; x_wconf 89' lang='lat' dir='ltr'><strong>oc-</strong></span> 
     </span>
     <span class='ocr_line' id='line_1_21' title="bbox 74 1376 1360 1434; baseline -0.004 -14"><span class='ocrx_word' id='word_1_161' title='bbox 74 1382 139 1420; x_wconf 77' lang='lat' dir='ltr'><strong>cisi</strong></span> <span class='ocrx_word' id='word_1_162' title='bbox 174 1383 361 1431; x_wconf 84' lang='lat' dir='ltr'><strong>judicium</strong></span> <span class='ocrx_word' id='word_1_163' title='bbox 397 1376 594 1434; x_wconf 84' lang='lat' dir='ltr'><strong>cogitans,</strong></span> <span class='ocrx_word' id='word_1_164' title='bbox 623 1384 672 1423; x_wconf 87' lang='lat' dir='ltr'><strong>ad</strong></span> <span class='ocrx_word' id='word_1_165' title='bbox 699 1383 775 1422; x_wconf 91' lang='lat' dir='ltr'><strong>hoc</strong></span> <span class='ocrx_word' id='word_1_166' title='bbox 801 1385 840 1422; x_wconf 85' lang='lat' dir='ltr'><strong>in</strong></span> <span class='ocrx_word' id='word_1_167' title='bbox 874 1395 1030 1422; x_wconf 87' lang='lat' dir='ltr'><strong>omnem</strong></span> <span class='ocrx_word' id='word_1_168' title='bbox 1059 1380 1186 1420; x_wconf 87' lang='lat' dir='ltr'><strong>casum</strong></span> <span class='ocrx_word' id='word_1_169' title='bbox 1214 1391 1260 1418; x_wconf 79' lang='lat' dir='ltr'><strong>ex</strong></span> <span class='ocrx_word' id='word_1_170' title='bbox 1288 1377 1360 1416; x_wconf 78' lang='lat' dir='ltr'><strong>ini-</strong></span> 
     </span>
     <span class='ocr_line' id='line_1_22' title="bbox 73 1441 1356 1495; baseline -0.004 -13"><span class='ocrx_word' id='word_1_171' title='bbox 73 1443 167 1483; x_wconf 89' lang='lat' dir='ltr'><strong>mici</strong></span> <span class='ocrx_word' id='word_1_172' title='bbox 195 1454 319 1484; x_wconf 90' lang='lat' dir='ltr'><strong>morte</strong></span> <span class='ocrx_word' id='word_1_173' title='bbox 342 1444 518 1485; x_wconf 87' lang='lat' dir='ltr'><strong>solatium</strong></span> <span class='ocrx_word' id='word_1_174' title='bbox 547 1446 770 1495; x_wconf 79' lang='lat' dir='ltr'><strong>habiturus,</strong></span> <span class='ocrx_word' id='word_1_175' title='bbox 786 1447 972 1493; x_wconf 85' lang='lat' dir='ltr'><strong>accurrit,</strong></span> <span class='ocrx_word' id='word_1_176' title='bbox 992 1446 1149 1495; x_wconf 84' lang='lat' dir='ltr'><strong>eruique</strong></span> <span class='ocrx_word' id='word_1_177' title='bbox 1173 1441 1356 1482; x_wconf 87' lang='lat' dir='ltr'><strong>Clodium</strong></span> 
     </span>
     <span class='ocr_line' id='line_1_23' title="bbox 72 1501 1358 1559; baseline -0.012 -4"><span class='ocrx_word' id='word_1_178' title='bbox 72 1515 191 1557; x_wconf 66' lang='lat' dir='ltr'><strong>“³thss</strong></span> <span class='ocrx_word' id='word_1_179' title='bbox 218 1507 382 1557; x_wconf 70' lang='lat' dir='ltr'><strong>jugulari</strong></span> <span class='ocrx_word' id='word_1_180' title='bbox 418 1508 531 1558; x_wconf 72' lang='lat' dir='ltr'><strong>juffit.</strong></span> <span class='ocrx_word' id='word_1_181' title='bbox 584 1511 669 1549; x_wconf 87' lang='lat' dir='ltr'><strong>Hac</strong></span> <span class='ocrx_word' id='word_1_182' title='bbox 704 1522 743 1547; x_wconf 90' lang='lat' dir='ltr'><strong>re</strong></span> <span class='ocrx_word' id='word_1_183' title='bbox 771 1517 943 1559; x_wconf 88' lang='lat' dir='ltr'><strong>patrata,</strong></span> <span class='ocrx_word' id='word_1_184' title='bbox 976 1508 1102 1547; x_wconf 87' lang='lat' dir='ltr'><strong>statim</strong></span> <span class='ocrx_word' id='word_1_185' title='bbox 1139 1501 1358 1544; x_wconf 80' lang='lat' dir='ltr'><strong>manumifit</strong></span> 
     </span>
     <span class='ocr_line' id='line_1_24' title="bbox 73 1565 1356 1622; baseline -0.004 -15"><span class='ocrx_word' id='word_1_186' title='bbox 73 1568 220 1618; x_wconf 87' lang='lat' dir='ltr'><strong>servos,</strong></span> <span class='ocrx_word' id='word_1_187' title='bbox 244 1582 292 1608; x_wconf 85' lang='lat' dir='ltr'><strong>ne</strong></span> <span class='ocrx_word' id='word_1_188' title='bbox 317 1570 480 1621; x_wconf 81' lang='lat' dir='ltr'><strong>praebere</strong></span> <span class='ocrx_word' id='word_1_189' title='bbox 501 1571 698 1621; x_wconf 83' lang='lat' dir='ltr'><strong>quaestioni</strong></span> <span class='ocrx_word' id='word_1_190' title='bbox 724 1581 947 1622; x_wconf 85' lang='lat' dir='ltr'><strong>cogeretur:</strong></span> <span class='ocrx_word' id='word_1_191' title='bbox 970 1569 1051 1620; x_wconf 85' lang='lat' dir='ltr'><strong>ipse</strong></span> <span class='ocrx_word' id='word_1_192' title='bbox 1070 1568 1269 1619; x_wconf 71' lang='lat' dir='ltr'><strong>praemium</strong></span> <span class='ocrx_word' id='word_1_193' title='bbox 1291 1565 1356 1603; x_wconf 63' lang='lat' dir='ltr'><strong>be0</strong></span> 
     </span>
     <span class='ocr_line' id='line_1_25' title="bbox 74 1629 1355 1678; baseline -0.002 -10"><span class='ocrx_word' id='word_1_194' title='bbox 74 1642 124 1668; x_wconf 90' lang='lat' dir='ltr'><strong>ne</strong></span> <span class='ocrx_word' id='word_1_195' title='bbox 150 1630 316 1678; x_wconf 86' lang='lat' dir='ltr'><strong>meritis,</strong></span> <span class='ocrx_word' id='word_1_196' title='bbox 343 1632 420 1671; x_wconf 89' lang='lat' dir='ltr'><strong>vita</strong></span> <span class='ocrx_word' id='word_1_197' title='bbox 449 1633 597 1671; x_wconf 87' lang='lat' dir='ltr'><strong>domini</strong></span> <span class='ocrx_word' id='word_1_198' title='bbox 625 1632 780 1670; x_wconf 83' lang='lat' dir='ltr'><strong>defensa</strong></span> <span class='ocrx_word' id='word_1_199' title='bbox 796 1663 807 1678; x_wconf 88' lang='lat'>‚</span> <span class='ocrx_word' id='word_1_200' title='bbox 833 1632 993 1670; x_wconf 87' lang='lat' dir='ltr'><strong>inimico</strong></span> <span class='ocrx_word' id='word_1_201' title='bbox 1018 1629 1191 1674; x_wconf 76' lang='lat' dir='ltr'><strong>sublato,</strong></span> <span class='ocrx_word' id='word_1_202' title='bbox 1220 1629 1355 1667; x_wconf 86' lang='lat' dir='ltr'><strong>datum</strong></span> 
     </span>
     <span class='ocr_line' id='line_1_26' title="bbox 73 1689 1357 1742; baseline -0.002 -12"><span class='ocrx_word' id='word_1_203' title='bbox 73 1691 318 1733; x_wconf 83' lang='lat' dir='ltr'><strong>affeverebat.</strong></span> <span class='ocrx_word' id='word_1_204' title='bbox 356 1693 431 1733; x_wconf 82' lang='lat' dir='ltr'><strong>Sed</strong></span> <span class='ocrx_word' id='word_1_205' title='bbox 454 1694 617 1733; x_wconf 87' lang='lat' dir='ltr'><strong>cadaver</strong></span> <span class='ocrx_word' id='word_1_206' title='bbox 640 1692 858 1742; x_wconf 67' lang='lat' dir='ltr'><strong>interfecti,</strong></span> <span class='ocrx_word' id='word_1_207' title='bbox 885 1692 1059 1731; x_wconf 52' lang='lat' dir='ltr'><strong>relictum</strong></span> <span class='ocrx_word' id='word_1_208' title='bbox 1087 1692 1126 1729; x_wconf 87' lang='lat' dir='ltr'><strong>in</strong></span> <span class='ocrx_word' id='word_1_209' title='bbox 1151 1691 1240 1738; x_wconf 85' lang='lat' dir='ltr'><strong>via,</strong></span> <span class='ocrx_word' id='word_1_210' title='bbox 1266 1689 1357 1729; x_wconf 74' lang='lat' dir='ltr'><strong>Sex.</strong></span> 
     </span>
     <span class='ocr_line' id='line_1_27' title="bbox 74 1750 1352 1803; baseline -0.005 -7"><span class='ocrx_word' id='word_1_211' title='bbox 74 1756 219 1796; x_wconf 89' lang='lat' dir='ltr'><strong>Tedius</strong></span> <span class='ocrx_word' id='word_1_212' title='bbox 245 1755 395 1794; x_wconf 89' lang='lat' dir='ltr'><strong>senator</strong></span> <span class='ocrx_word' id='word_1_213' title='bbox 419 1755 520 1796; x_wconf 88' lang='lat' dir='ltr'><strong>forte</strong></span> <span class='ocrx_word' id='word_1_214' title='bbox 552 1768 637 1795; x_wconf 87' lang='lat' dir='ltr'><strong>rure</strong></span> <span class='ocrx_word' id='word_1_215' title='bbox 658 1756 835 1803; x_wconf 86' lang='lat' dir='ltr'><strong>rediens,</strong></span> <span class='ocrx_word' id='word_1_216' title='bbox 869 1755 1013 1794; x_wconf 68' lang='lat' dir='ltr'><strong>ledicae</strong></span> <span class='ocrx_word' id='word_1_217' title='bbox 1042 1754 1116 1793; x_wconf 69' lang='lat' dir='ltr'><strong>suae</strong></span> <span class='ocrx_word' id='word_1_218' title='bbox 1144 1750 1352 1803; x_wconf 86' lang='lat' dir='ltr'><strong>imposuit,</strong></span> 
     </span>
     <span class='ocr_line' id='line_1_28' title="bbox 73 1818 815 1868; baseline -0.003 -9"><span class='ocrx_word' id='word_1_219' title='bbox 73 1818 317 1868; x_wconf 84' lang='lat' dir='ltr'><strong>Romamque</strong></span> <span class='ocrx_word' id='word_1_220' title='bbox 345 1818 627 1868; x_wconf 83' lang='lat' dir='ltr'><strong>deportandum</strong></span> <span class='ocrx_word' id='word_1_221' title='bbox 660 1819 815 1858; x_wconf 83' lang='lat' dir='ltr'><strong>curavit.</strong></span> 
     </span>
    </p>

    <p class='ocr_par' dir='ltr' id='par_1_5' title="bbox 73 1875 1359 2117">
     <span class='ocr_line' id='line_1_29' title="bbox 129 1875 1357 1930; baseline -0.006 -11"><span class='ocrx_word' id='word_1_222' title='bbox 129 1879 245 1919; x_wconf 89' lang='lat' dir='ltr'><strong>XXI.</strong></span> <span class='ocrx_word' id='word_1_223' title='bbox 273 1880 372 1919; x_wconf 87' lang='lat' dir='ltr'><strong>Ante</strong></span> <span class='ocrx_word' id='word_1_224' title='bbox 399 1879 562 1929; x_wconf 87' lang='lat' dir='ltr'><strong>primam</strong></span> <span class='ocrx_word' id='word_1_225' title='bbox 586 1880 710 1920; x_wconf 61' lang='lat' dir='ltr'><strong>noctis</strong></span> <span class='ocrx_word' id='word_1_226' title='bbox 736 1879 872 1919; x_wconf 88' lang='lat' dir='ltr'><strong>horam</strong></span> <span class='ocrx_word' id='word_1_227' title='bbox 892 1878 1082 1930; x_wconf 89' lang='lat' dir='ltr'><strong>perlatum</strong></span> <span class='ocrx_word' id='word_1_228' title='bbox 1103 1878 1142 1916; x_wconf 88' lang='lat' dir='ltr'><strong>in</strong></span> <span class='ocrx_word' id='word_1_229' title='bbox 1167 1876 1264 1915; x_wconf 76' lang='lat' dir='ltr'><strong>atrio</strong></span> <span class='ocrx_word' id='word_1_230' title='bbox 1286 1875 1357 1914; x_wconf 81' lang='lat' dir='ltr'><strong>do-</strong></span> 
     </span>
     <span class='ocr_line' id='line_1_30' title="bbox 73 1939 1356 1992; baseline -0.003 -10"><span class='ocrx_word' id='word_1_231' title='bbox 73 1955 159 1982; x_wconf 88' lang='lat' dir='ltr'><strong>mus</strong></span> <span class='ocrx_word' id='word_1_232' title='bbox 176 1972 187 1991; x_wconf 85' lang='lat'>‚</span> <span class='ocrx_word' id='word_1_233' title='bbox 215 1955 329 1992; x_wconf 87' lang='lat' dir='ltr'><strong>quam</strong></span> <span class='ocrx_word' id='word_1_234' title='bbox 359 1943 489 1992; x_wconf 91' lang='lat' dir='ltr'><strong>paucis</strong></span> <span class='ocrx_word' id='word_1_235' title='bbox 519 1950 607 1981; x_wconf 85' lang='lat' dir='ltr'><strong>ante</strong></span> <span class='ocrx_word' id='word_1_236' title='bbox 632 1942 824 1981; x_wconf 77' lang='lat' dir='ltr'><strong>menfibus</strong></span> <span class='ocrx_word' id='word_1_237' title='bbox 860 1943 908 1982; x_wconf 89' lang='lat' dir='ltr'><strong>de</strong></span> <span class='ocrx_word' id='word_1_238' title='bbox 933 1942 990 1982; x_wconf 84' lang='lat' dir='ltr'><strong>M.</strong></span> <span class='ocrx_word' id='word_1_239' title='bbox 1018 1943 1160 1982; x_wconf 87' lang='lat' dir='ltr'><strong>Scauro</strong></span> <span class='ocrx_word' id='word_1_240' title='bbox 1185 1939 1291 1978; x_wconf 80' lang='lat' dir='ltr'><strong>{itam</strong></span> <span class='ocrx_word' id='word_1_241' title='bbox 1315 1940 1356 1978; x_wconf 88' lang='lat' dir='ltr'><strong>in</strong></span> 
     </span>
     <span class='ocr_line' id='line_1_31' title="bbox 73 2003 1359 2053; baseline -0.004 -9"><span class='ocrx_word' id='word_1_242' title='bbox 73 2003 220 2044; x_wconf 86' lang='lat' dir='ltr'><strong>Palatio</strong></span> <span class='ocrx_word' id='word_1_243' title='bbox 245 2011 415 2049; x_wconf 85' lang='lat' dir='ltr'><strong>emerat,</strong></span> <span class='ocrx_word' id='word_1_244' title='bbox 445 2016 540 2042; x_wconf 88' lang='lat' dir='ltr'><strong>uxor</strong></span> <span class='ocrx_word' id='word_1_245' title='bbox 566 2003 698 2043; x_wconf 83' lang='lat' dir='ltr'><strong>Fulvia</strong></span> <span class='ocrx_word' id='word_1_246' title='bbox 723 2004 901 2043; x_wconf 88' lang='lat' dir='ltr'><strong>constitui</strong></span> <span class='ocrx_word' id='word_1_247' title='bbox 926 2003 1050 2053; x_wconf 81' lang='lat' dir='ltr'><strong>juffit3</strong></span> <span class='ocrx_word' id='word_1_248' title='bbox 1076 2003 1276 2052; x_wconf 83' lang='lat' dir='ltr'><strong>statimque</strong></span> <span class='ocrx_word' id='word_1_249' title='bbox 1300 2003 1359 2040; x_wconf 86' lang='lat' dir='ltr'><strong>in-</strong></span> 
     </span>
     <span class='ocr_line' id='line_1_32' title="bbox 73 2063 1356 2117; baseline -0.004 -11"><span class='ocrx_word' id='word_1_250' title='bbox 73 2066 182 2106; x_wconf 87' lang='lat' dir='ltr'><strong>finita</strong></span> <span class='ocrx_word' id='word_1_251' title='bbox 210 2065 440 2114; x_wconf 80' lang='lat' dir='ltr'><strong>multitudo,</strong></span> <span class='ocrx_word' id='word_1_252' title='bbox 471 2065 663 2106; x_wconf 88' lang='lat' dir='ltr'><strong>servorum</strong></span> <span class='ocrx_word' id='word_1_253' title='bbox 690 2067 881 2117; x_wconf 80' lang='lat' dir='ltr'><strong>praecipue</strong></span> <span class='ocrx_word' id='word_1_254' title='bbox 907 2068 943 2106; x_wconf 87' lang='lat'>&amp;</span> <span class='ocrx_word' id='word_1_255' title='bbox 966 2065 1106 2105; x_wconf 86' lang='lat' dir='ltr'><strong>infimae</strong></span> <span class='ocrx_word' id='word_1_256' title='bbox 1129 2063 1274 2115; x_wconf 87' lang='lat' dir='ltr'><strong>plebis,</strong></span> <span class='ocrx_word' id='word_1_257' title='bbox 1293 2064 1356 2102; x_wconf 81' lang='lat' dir='ltr'><strong>cui</strong></span> 
     </span>
    </p>
   </div>
   <div class='ocr_carea' id='block_1_3' title="bbox 75 2127 1354 2238">
    <p class='ocr_par' dir='ltr' id='par_1_6' title="bbox 75 2127 1354 2238">
     <span class='ocr_line' id='line_1_33' title="bbox 76 2127 1354 2186; baseline 0 -20"><span class='ocrx_word' id='word_1_258' title='bbox 76 2128 205 2179; x_wconf 85' lang='lat' dir='ltr'><strong>generi</strong></span> <span class='ocrx_word' id='word_1_259' title='bbox 232 2136 387 2178; x_wconf 87' lang='lat' dir='ltr'><strong>propter</strong></span> <span class='ocrx_word' id='word_1_260' title='bbox 415 2142 585 2168; x_wconf 89' lang='lat' dir='ltr'><strong>amorem</strong></span> <span class='ocrx_word' id='word_1_261' title='bbox 616 2129 846 2168; x_wconf 88' lang='lat' dir='ltr'><strong>seditionum</strong></span> <span class='ocrx_word' id='word_1_262' title='bbox 880 2128 1088 2186; x_wconf 72' lang='lat' dir='ltr'><strong>cariffimus</strong></span> <span class='ocrx_word' id='word_1_263' title='bbox 1112 2127 1176 2166; x_wconf 87' lang='lat' dir='ltr'><strong>ille</strong></span> <span class='ocrx_word' id='word_1_264' title='bbox 1201 2129 1354 2177; x_wconf 83' lang='lat' dir='ltr'><strong>fuerat,</strong></span> 
     </span>
     <span class='ocr_line' id='line_1_34' title="bbox 75 2185 1352 2238; baseline -0.002 -13"><span class='ocrx_word' id='word_1_265' title='bbox 75 2199 242 2228; x_wconf 80' lang='lat' dir='ltr'><strong>moerens</strong></span> <span class='ocrx_word' id='word_1_266' title='bbox 262 2186 471 2237; x_wconf 85' lang='lat' dir='ltr'><strong>lugensque</strong></span> <span class='ocrx_word' id='word_1_267' title='bbox 493 2188 748 2228; x_wconf 89' lang='lat' dir='ltr'><strong>circumstetit.</strong></span> <span class='ocrx_word' id='word_1_268' title='bbox 765 2188 841 2228; x_wconf 87' lang='lat' dir='ltr'><strong>Sed</strong></span> <span class='ocrx_word' id='word_1_269' title='bbox 858 2188 1043 2238; x_wconf 85' lang='lat' dir='ltr'><strong>&amp;integri</strong></span> <span class='ocrx_word' id='word_1_270' title='bbox 1060 2201 1079 2226; x_wconf 87' lang='lat' dir='ltr'><strong>a</strong></span> <span class='ocrx_word' id='word_1_271' title='bbox 1100 2185 1352 2231; x_wconf 49' lang='lat' dir='ltr'><strong>factionibus,</strong></span> 
     </span>
    </p>
   </div>
   <div class='ocr_carea' id='block_1_4' title="bbox 74 2248 1354 2307">
    <p class='ocr_par' dir='ltr' id='par_1_7' title="bbox 74 2248 1354 2307">
     <span class='ocr_line' id='line_1_35' title="bbox 74 2248 1354 2307; baseline -0.001 -19"><span class='ocrx_word' id='word_1_272' title='bbox 74 2262 306 2300; x_wconf 86' lang='lat' dir='ltr'><strong>quamquam</strong></span> <span class='ocrx_word' id='word_1_273' title='bbox 337 2250 500 2290; x_wconf 74' lang='lat' dir='ltr'><strong>odissent</strong></span> <span class='ocrx_word' id='word_1_274' title='bbox 529 2250 735 2300; x_wconf 85' lang='lat' dir='ltr'><strong>Clodium,</strong></span> <span class='ocrx_word' id='word_1_275' title='bbox 762 2250 1010 2307; x_wconf 79' lang='lat' dir='ltr'><strong>humanitatis</strong></span> <span class='ocrx_word' id='word_1_276' title='bbox 1033 2250 1198 2297; x_wconf 77' lang='lat' dir='ltr'><strong>intuitu,</strong></span> <span class='ocrx_word' id='word_1_277' title='bbox 1227 2251 1263 2289; x_wconf 69' lang='grc' dir='ltr'>ἃ</span> <span class='ocrx_word' id='word_1_278' title='bbox 1290 2248 1354 2286; x_wconf 82' lang='lat' dir='ltr'><strong>ef-</strong></span> 
     </span>
    </p>
   </div>
   <div class='ocr_carea' id='block_1_5' title="bbox 73 2375 1347 2469">
    <p class='ocr_par' dir='ltr' id='par_1_8' title="bbox 73 2375 1347 2469">
     <span class='ocr_line' id='line_1_36' title="bbox 98 2375 1347 2426; baseline 0.006 -19"><span class='ocrx_word' id='word_1_279' title='bbox 98 2419 106 2426; x_wconf 49' lang='lat'><strong>·</strong></span> <span class='ocrx_word' id='word_1_280' title='bbox 126 2375 148 2417; x_wconf 86' lang='lat'>§</span> <span class='ocrx_word' id='word_1_281' title='bbox 172 2376 300 2408; x_wconf 81' lang='lat' dir='ltr'><strong>XVIII.</strong></span> <span class='ocrx_word' id='word_1_282' title='bbox 323 2377 414 2410; x_wconf 87' lang='lat' dir='ltr'><strong>Plut.</strong></span> <span class='ocrx_word' id='word_1_283' title='bbox 433 2378 469 2410; x_wconf 88' lang='lat' dir='ltr'><strong>in</strong></span> <span class='ocrx_word' id='word_1_284' title='bbox 493 2379 570 2412; x_wconf 84' lang='lat' dir='ltr'><strong>Cat.</strong></span> <span class='ocrx_word' id='word_1_285' title='bbox 588 2391 617 2412; x_wconf 89' lang='lat' dir='ltr'><strong>c.</strong></span> <span class='ocrx_word' id='word_1_286' title='bbox 644 2390 699 2421; x_wconf 71' lang='lat'><strong>39.</strong></span> <span class='ocrx_word' id='word_1_287' title='bbox 724 2379 797 2414; x_wconf 88' lang='lat' dir='ltr'><strong>Cic.</strong></span> <span class='ocrx_word' id='word_1_288' title='bbox 818 2380 972 2414; x_wconf 81' lang='lat' dir='ltr'><strong>familiar.</strong></span> <span class='ocrx_word' id='word_1_289' title='bbox 995 2390 1038 2421; x_wconf 66' lang='lat'><strong>2,</strong></span> <span class='ocrx_word' id='word_1_290' title='bbox 1059 2380 1092 2411; x_wconf 85' lang='lat'><strong>6.</strong></span> <span class='ocrx_word' id='word_1_291' title='bbox 1114 2380 1136 2426; x_wconf 60' lang='grc' dir='ltr'>ᾗ</span> <span class='ocrx_word' id='word_1_292' title='bbox 1161 2379 1253 2414; x_wconf 85' lang='lat' dir='ltr'><strong>XIX.</strong></span> <span class='ocrx_word' id='word_1_293' title='bbox 1274 2379 1347 2425; x_wconf 75' lang='lat' dir='ltr'><strong>Ap·</strong></span> 
     </span>
     <span class='ocr_line' id='line_1_37' title="bbox 73 2420 738 2469; baseline 0.005 -13"><span class='ocrx_word' id='word_1_294' title='bbox 73 2431 165 2467; x_wconf 58' lang='lat' dir='ltr'><strong>Fran.</strong></span> <span class='ocrx_word' id='word_1_295' title='bbox 191 2420 212 2467; x_wconf 63' lang='grc' dir='ltr'><strong>ἓ</strong></span> <span class='ocrx_word' id='word_1_296' title='bbox 235 2421 311 2457; x_wconf 78' lang='lat' dir='ltr'><strong>XX.</strong></span> <span class='ocrx_word' id='word_1_297' title='bbox 334 2422 423 2458; x_wconf 80' lang='lat' dir='ltr'><strong>Plut.</strong></span> <span class='ocrx_word' id='word_1_298' title='bbox 444 2423 590 2469; x_wconf 77' lang='lat' dir='ltr'><strong>Appian.</strong></span> <span class='ocrx_word' id='word_1_299' title='bbox 613 2423 738 2460; x_wconf 70' lang='lat' dir='ltr'><strong>Ascon,</strong></span> 
     </span>
    </p>
   </div>
  </div>
 </body>
</html>
