1675 2959
315 131 415 196 ’376⁷
469 132 564 181 10.
608 134 1119 182 FREINSHEMH
1169 136 1536 187 summm,-

314 238 420 278 tioris
442 242 658 290 aquationis
681 240 792 281 causa
817 241 1041 290 deductum,
1060 242 1267 283 fefelliffet.
1292 244 1382 284 Huc
1401 243 1506 282 enim
1532 241 1599 281 de-

314 300 411 350 lati,
437 304 719 353 castrorumque
752 312 898 353 partem
934 312 1138 354 putantes,
1170 315 1320 358 portam
1351 307 1595 357 quaerebant:

316 366 442 405 donec
462 367 726 406 animadverso
743 379 892 413 errore,
916 380 989 415 qua
1010 370 1228 417 proximum
1254 376 1353 419 erat,
1370 372 1466 424 (nec
1489 369 1599 407 enim
1667 414 1673 426 .

317 427 554 467 defendebat
590 426 823 481 quisquam)
859 427 1177 477 transcenderunt
1218 444 1423 483 aggerem,
1459 431 1597 470 eadem

314 491 430 528 etiam
456 490 593 528 secutis
616 489 706 528 valli
723 497 879 540 proruta
901 500 1007 540 parte
1027 491 1233 541 equitibus.
1260 494 1352 533 Haec
1368 507 1474 533 mora
1487 494 1600 533 Pom-

311 552 402 600 pejo
431 550 594 600 spatium
627 550 760 599 dedit,
797 563 836 590 re
865 552 1043 603 cognita,
1080 551 1273 602 legionem
1306 555 1354 593 ab
1386 566 1500 605 opere
1531 554 1600 593 de·

314 609 470 648 ductam
494 609 657 649 subsidio
684 611 864 650 mittendi
888 610 1163 652 laborantibus,
1188 625 1264 663 quo
1285 612 1343 651 illi
1362 614 1596 664 conspecto,

311 672 436 709 acrius
458 671 498 709 se
519 671 752 720 defendere3
781 671 917 712 contra
941 672 1138 712 Caesariani
1156 703 1167 722 ,
1192 673 1400 725 praesertim
1428 675 1595 724 equites,

312 733 356 771 in
376 732 470 771 locis
500 734 664 784 angustis
695 736 730 774 δε
755 733 953 783 impeditis
975 734 1146 783 receptui
1171 736 1377 784 timentes,
1405 747 1495 775 cum
1519 746 1599 773 ma-

314 806 388 844 gna
411 795 720 834 consternatione
749 795 990 833 retrocedere
1008 784 1220 845 coeperunt.

366 856 409 896 L.
440 857 592 896 Horum
621 857 713 907 fuga
747 864 892 895 ceteros
916 870 1049 895 omnes
1077 858 1227 908 pavoris
1250 859 1286 897 &
1309 857 1500 897 turnultus
1526 857 1598 901 im-

312 917 452 970 plevit,
479 927 521 958 ut
555 919 650 958 nibil
683 919 888 969 prohibere
915 919 1069 959 Caesaris
1101 919 1301 970 praesentia
1323 920 1470 971 posset,
1506 919 1601 969 quin

310 980 444 1032 passim
471 980 601 1020 solutis
631 981 832 1021 ordinibus
859 980 1089 1030 palarentur.
1118 980 1287 1030 Quidam
1314 981 1490 1032 signiferi,
1516 981 1596 1022 Cae.

310 1043 391 1082 sare
414 1043 515 1093 signa
539 1043 802 1094 prehendente
830 1042 1033 1089 manibus,
1058 1044 1094 1081 &
1117 1042 1275 1091 jubente
1293 1043 1515 1090 consistere,
1538 1042 1599 1080 di·

312 1106 432 1146 miffis
455 1105 550 1154 illis,
579 1107 710 1156 fugere
735 1105 1030 1155 perseverarunt.
1064 1112 1145 1143 tum
1171 1105 1286 1143 etiam
1312 1104 1390 1155 ipse
1412 1104 1531 1145 Coesar
1557 1104 1598 1143 in

313 1169 517 1208 discrimen
540 1169 672 1218 ingens
699 1167 835 1207 incidit
851 1195 862 1214 ,
891 1178 981 1204 cum
1005 1167 1184 1205 retinenti
1205 1165 1450 1216 aquiliferum
1479 1177 1598 1215 quen·

314 1216 404 1271 dam
422 1261 432 1279 ,
459 1243 682 1281 magnarum
710 1229 847 1285 virium
877 1228 1099 1276 hominem,
1132 1227 1198 1268 ille
1217 1228 1414 1280 cuspidem
1437 1229 1600 1266 intenta-

313 1302 394 1332 ret:
421 1292 487 1332 sed
508 1291 772 1343 aquiliferum,
790 1290 854 1342 qui
870 1302 958 1329 cum
977 1289 1118 1330 Caesare
1131 1301 1258 1336 erant,
1273 1291 1397 1330 statim
1413 1290 1598 1330 confode-
1655 1307 1658 1311 ’

310 1363 411 1395 tunt.
438 1353 586 1394 Multos
610 1353 750 1392 milites
771 1353 845 1392 hoc
871 1353 1025 1403 gemino
1049 1351 1188 1402 proeh‘o
1209 1353 1435 1392 desideravit
1454 1351 1596 1401 Caesar,

309 1418 487 1458 tribunos
513 1416 628 1454 etiam
658 1415 826 1454 militum
851 1418 889 1455 δε
916 1416 1160 1455 centuriones
1187 1416 1369 1467 triginta:
1407 1416 1509 1466 signa
1537 1416 1597 1455 in-

310 1480 422 1530 super
446 1478 622 1518 militaria
648 1478 933 1529 duodetriginta
959 1477 1089 1517 amissa
1114 1478 1212 1517 sunt.
1249 1479 1368 1529 Quod
1396 1479 1462 1517 nisi
1485 1479 1597 1518 Pom.

311 1545 421 1594 pejus
447 1541 617 1592 receptui
643 1540 862 1586 cecinisset,
892 1548 1016 1580 totum
1052 1539 1169 1579 deleri
1196 1540 1362 1580 hostium
1382 1540 1595 1582 exercitum

313 1603 500 1655 potuisse,
524 1603 621 1642 adeo
641 1611 788 1640 certum
818 1601 1004 1651 habetur,
1031 1613 1074 1641 ut
1103 1602 1216 1652 ipsius
1245 1601 1399 1642 Caesaris
1434 1615 1508 1641 vox
1529 1615 1597 1641 an·

310 1675 459 1705 notat‘r
468 1665 533 1713 fit,
554 1680 595 1703 ea
616 1666 672 1702 die-
690 1663 858 1715 summam
874 1664 1050 1701 νίέῖονὶαιη
1060 1678 1167 1715 penes
1190 1664 1356 1713 adversas
1367 1663 1594 1717 partesfuis

304 1729 367 1781 se,
387 1729 424 1778 fi
443 1729 560 1764 ducem
583 1725 748 1763 vincendi
771 1738 916 1776 gnarum
947 1725 1148 1777 hahmffint.

369 1789 430 1830 LI.
462 1787 538 1828 Sed
560 1786 648 1834 ille,
677 1786 748 1825 sive
777 1799 853 1836 quo
882 1786 1030 1827 civibus
1055 1795 1227 1836 parceret
1250 1786 1401 1837 propria
1425 1787 1593 1837 pietate,

312 1859 380 1891 aut
409 1849 566 1890 Catonis
597 1849 698 1888 facio
734 1857 956 1899 permotus,
977 1849 1066 1899 qui,
1090 1848 1167 1888 visa
1187 1848 1424 1896 julianorum
1462 1849 1595 1898 strage,

310 1913 407 1951 flens
430 1919 564 1961 operto
591 1910 718 1959 capite
744 1909 979 1957 discess‘erat3
1003 1910 1075 1952 five
1102 1910 1258 1952 Labieni
1289 1910 1514 1949 sententiam
1542 1909 1596 1948 se-

311 1985 448 2021 cutus,
475 1972 713 2022 fugientibus
738 1971 891 2017 institit,
920 1971 967 2011 de
989 1981 1116 2013 cetero
1142 1986 1222 2013 non
1247 1971 1445 2013 sollicitus.
1480 1972 1593 2012 Certe

310 2035 485 2084 captivos
518 2032 719 2072 transdidit
744 2035 891 2083 petenti
915 2033 1109 2082 Labieno,
1140 2042 1252 2084 atque
1276 2033 1342 2072 ille
1364 2034 1489 2072 verbis
1512 2045 1596 2084 gra-

310 2097 408 2135 viter
427 2096 656 2147 increpitos,
677 2096 715 2134 in
738 2095 944 2147 conspeetu
965 2097 1139 2138 omnium
1168 2095 1369 2147 interfecit.
1401 2094 1506 2135 Nihil
1527 2107 1595 2133 un..

311 2171 424 2210 quam
443 2157 528 2197 satis
549 2158 700 2197 evenire
720 2157 882 2196 feliciter
903 2157 1041 2207 ignaris
1063 2157 1197 2197 utendi
1217 2156 1436 2196 hominibus
1459 2156 1594 2205 potest.

313 2221 559 2270 Apparebat,
584 2220 685 2259 vinci
708 2219 889 2259 Caesarem
914 2220 1042 2270 posse:
1073 2220 1136 2260 sed
1165 2219 1410 2268 Pompejani,
1444 2216 1593 2258 dimissa

309 2284 477 2323 victorioe
502 2294 613 2331 cura,
632 2283 712 2331 jam
732 2283 779 2321 dc
801 2282 959 2332 praemio
974 2283 1071 2321 inter
1089 2281 1126 2322 se
1147 2280 1357 2331 litigabant.
1385 2278 1590 2328 Caesarem,

355 2403 379 2447 §
403 2402 522 2436 XLIX.
550 2401 652 2434 Oros.
680 2401 766 2435 Caes.
783 2402 899 2435 Front.
916 2403 1020 2435 Strat.
1042 2411 1077 2440 ι,
1105 2411 1155 2440 17.
1181 2401 1201 2444 §
1221 2401 1258 2434 L.
1277 2402 1421 2435 Sueten.
1443 2401 1478 2434 in
1501 2399 1590 2438 Caes,

309 2458 340 2484 e.
358 2448 392 2483 6.
417 2447 496 2482 Dio.
520 2449 666 2493 Appian.
689 2447 774 2482 Caes.
795 2447 885 2481 Plut.
906 2447 1032 2495 apopir.
1056 2446 1155 2481 Rom.
1175 2457 1205 2482 c.
1225 2456 1284 2488 44.
