1675 2959
215 117 315 168 {170
379 108 480 156 JO.
518 104 1040 161 FR-EIN'SHEMII
1077 114 1434 169 SUPPLEM.·

270 213 418 256 XLIX.
445 216 579 266 Idem,
610 220 746 258 coacto
775 220 921 270 ingenti
947 223 1123 273 agmine,
1147 236 1237 265 cum
1262 227 1510 278 rogationem

215 274 324 316 :suam
350 276 448 317 Milo
469 279 681 329 perlaturus
705 279 820 329 esset,
840 281 1037 323 Clodianis
1063 285 1226 337 fugatis,
1253 288 1381 328 forum
1398 290 1433 329 ei
1455 289 1506 328 li-

217 336 353 380 berum
379 342 572 391 praestitit‘:
605 351 648 381 ut
669 344 842 392 ejusdem
861 344 1031 386 hominis
1058 347 1302 390 intentiffima
1328 363 1418 391 cura
1444 352 1508 392 Ci-

215 412 306 441 cero
331 403 613 452 restitueretur,
642 407 752 454 cujus
777 401 1000 457 proditione
1030 410 1177 451 eversus
1208 413 1510 464 profligatusque

216 463 355 503 fuerat.
400 464 486 512 Jam
516 465 641 515 impar
675 467 873 506 consensui
901 476 961 508 tot
989 472 1213 519 potentium
1239 474 1398 524 Nepos,
1432 475 1511 515 im-

213 538 387 576 pugnare
405 525 632 567 Ciceronem
648 530 832 579 desierat3
859 533 895 571 ἃ
907 563 918 582 ,
938 532 975 571 Ρ.
988 532 1152 572 Lentulo
1167 534 1375 586 referente,
1397 537 1510 577 Pom-

212 589 384 638 pejoque
412 586 641 640 sententiam
673 591 722 629 de
750 591 890 643 scripto
929 593 1107 643 dicente,
1149 595 1302 636 senatus
1329 595 1511 638 decreve-

212 658 274 688 rat
298 649 493 689 reditum:
522 663 569 689 eo
593 651 743 693 facilius
772 663 932 706 accepta
957 659 1106 707 rogatio
1128 659 1204 708 est,
1227 668 1270 699 ut
1296 661 1509 712 quidquam

211 721 385 759 unquam
408 718 518 750 tanto
536 713 721 754 consensu
732 715 865 766 populi
883 726 1059 768 rogatum
1079 731 1231 772 negent.
1247 723 1509 762 Eodem'tem-

212 783 310 820 pore
341 770 491 811 senatus
517 773 712 823 decrevit,
740 790 779 816 ιιι
806 779 1040 829 civitatibus,
1071 796 1144 834 quae
1169 784 1206 821 in
1237 784 1428 824 Ciceronem
1454 784 1510 838 of:

207 832 341 884 ficiosce
358 831 525 885 ficzffznt,
547 836 692 889 itemque
708 838 862 891 privatis
875 869 887 888 ,
910 840 969 892 qui
990 857 1036 880 ex
1055 844 1256 897 municipiis
1272 848 1409 899 fizlutis
1431 847 1524 900 ejus„

211 895 321 945 causa
350 908 580 935 convenerunt
595 928 608 944 ,
631 901 756 950 gratier,
777 915 981 954 agerentur:
1011 916 1113 958 atque
1139 909 1261 946 domus
1284 907 1361 961 ejus
1382 909 1418 948 δ’
1438 909 1510 947 vil·

212 954 256 991 lae
275 956 415 1008 publico
432 959 554 1009 ficmtu
579 960 817 1010 reficerentur,
840 964 920 1017 solo
939 995 950 1013 ,
979 969 1074 1018 quod
1098 969 1249 1009 libertati
1283 971 1509 1011 dedicaverat

216 1016 386 1067 Clodius,
415 1020 578 1072 religione
596 1036 658 1073 per
673 1025 888 1076 sententiam
909 1030 1118 1081 pontificum
1148 1033 1306 1073 liberato.

268 1079 311 1120 L.
348 1081 475 1121 Exstat
503 1082 631 1122 adhuc
661 1085 889 1126 disertissimi
925 1089 992 1127 viri
1024 1103 1095 1140 pro
1118 1093 1236 1132 domo
1266 1095 1331 1135 sua
1356 1097 1504 1150 oratio,

213 1152 266 1181 ex
291 1153 389 1191 qua,
409 1144 445 1182 &
473 1143 557 1183 aliis
586 1144 653 1184 sub
677 1146 833 1187 eosdem
861 1162 982 1191 annos
1007 1151 1172 1204 habitis,
1200 1157 1364 1198 multum
1392 1159 1509 1200 lumi-

213 1203 273 1242 nis
290 1204 444 1245 illorum
466 1215 685 1258 temporum
707 1209 868 1252 historiae
885 1213 1132 1266 adspergitur.
1154 1218 1263 1259 Dixit
1284 1234 1352 1272 pro
1368 1224 1508 1264 eadem

216 1265 339 1306 domo
371 1268 430 1308 M.
460 1269 656 1320 Calidius,
683 1273 748 1322 qui
778 1282 858 1313 tum
885 1285 1086 1327 praeturam
1118 1281 1287 1330 gerebat.
1321 1284 1507 1324 Postridie

216 1339 335 1377 quam
365 1330 467 1379 apud
506 1332 710 1381 pontifices
747 1333 879 1376 Cicero
907 1337 1081 1388 dixerat,
1109 1341 1292 1383 Kalendis
1321 1345 1509 1385 Octobri-

217 1388 291 1428 bus
316 1389 685 1434 senatusconsultum
710 1397 855 1441 faCtum
870 1399 945 1447 est,
956 1401 1090 1453 placere
1106 1405 1241 1442 domum
1265 1407 1295 1444 ei
1311 1408 1448 1459 restitui.
1467 1409 1505 1447 ei

218 1449 550 1493 senatusconsulto
574 1457 749 1498 tribunus
774 1459 896 1510 plebis
921 1462 1004 1503 Sex.
1021 1464 1153 1504 Atilius
1169 1467 1348 1507 Serranus
1371 1468 1509 1509 Gavia-

216 1525 290 1552 nus
318 1514 524 1556 intercessit
546 1531 554 1557 :
582 1518 647 1559 sed
677 1521 858 1562 consensu
883 1523 1034 1564 senatus
1060 1528 1096 1566 δε
1122 1518 1191 1570 Cn.
1220 1530 1341 1581 Oppii
1365 1531 1507 1572 Corni-

215 1575 291 1613 cini
324 1576 469 1626 soceri,
497 1579 545 1617 ad
572 1581 690 1631 pedes
723 1585 806 1632 ejus
839 1586 1153 1638 procumbentis,
1180 1592 1357 1641 precibus
1383 1593 1505 1652 victus

216 1637 370 1677 remisit.
401 1639 466 1678 Sic
488 1640 572 1690 post
594 1642 741 1681 menses
771 1644 891 1684 ferme
922 1646 1087 1686 sedecim
1106 1680 1117 1697 ,
1146 1663 1258 1699 quam
1288 1652 1411 1692 fuerat
1435 1667 1505 1692 ur-

215 1699 268 1740 be
296 1700 500 1751 expulsus,
533 1703 671 1743 Cicero
696 1707 836 1755 rediit,
868 1717 983 1749 tantov
1012 1710 1149 1750 favore
1176 1713 1404 1763 hominum,
1432 1726 1498 1766 ut,

217 1774 309 1802 cum
330 1763 410 1814 ipse
434 1766 583 1804 humeris
607 1768 726 1807 Italia:
742 1771 783 1823 se
803 1784 1010 1824 reportatum
1034 1773 1202 1824 diceret,
1226 1789 1305 1816 rem
1331 1778 1507 1818 minuere

219 1825 354 1876 potius
375 1826 598 1877 aliquanto,
619 1842 733 1879 quam
763 1843 922 1881 augere,
950 1833 1152 1876 videretur.

272 1886 332 1927 Ll.
366 1888 465 1928 Cum
490 1891 538 1929 ad
565 1890 696 1930 urbem
726 1894 953 1943 accederet,
981 1905 1087 1936 tanta
1123 1898 1393 1948 gratulantium
1427 1900 1505 1940 ob·-

219 1947 400 1997 viamque
438 1953 713 2001 prodeuntium
751 1955 959 1995 multitudo
995 1957 1095 2005 fuit,
1124 1968 1165 1997 ut
1196 1960 1259 1998 vix
1295 1969 1395 2001 totus
1423 1962 1506 2002 dies

215 2007 291 2047 illis
318 2010 452 2050 officiis
474 2011 674 2053 sufficeret.
694 2014 781 2054 Fuit
806 2016 904 2055 inter
924 2016 1009 2056 illos
1038 2020 1074 2058 δε
1095 2019 1151 2059 Μ.
1178 2020 1342 2070 Crassus,
1363 2023 1501 2062 inimi-

217 2081 286 2109 cus
311 2081 447 2121 antea,
465 2074 531 2114 sed
559 2085 645 2115 tum
668 2077 706 2115 in
733 2079 891 2127 gratiam
916 2075 985 2117 filii
1015 2093 1156 2131 magno
1177 2081 1302 2122 studio
1323 2085 1504 2125 redeunti

216 2131 257 2172 se
288 2132 462 2175 offerens.
513 2136 562 2174 sic
592 2139 690 2176 inter
722 2137 791 2178 lios
832 2140 1102 2190 reconciliata,
1136 2145 1255 2193 magis
1290 2152 1418 2184 tamen
1456 2146 1497 2185 in

214 2191 409 2242 speciem,
439 2209 554 2246 quam
578 2211 666 2236 vere
698 2201 734 2238 ἅτ
759 2202 936 2250 penitus,
965 2202 1017 2240 est
1045 2204 1188 2254 gratia:
1219 2206 1434 2257 diciturque
1460 2208 1504 2246 itt

215 2254 315 2292 illum
342 2256 377 2296 ὁ
399 2258 563 2311 Caefizrem
588 2260 756 2313 firipfiffi
785 2261 910 2301 librum
937 2265 976 2302 dc
1000 2266 1153 2316 consiliis
1170 2267 1251 2319 fitis
1271 2269 1417 2335 ficere,
1443 2284 1501 2307 re-

267 2371 290 2401 G
321 2356 442 2409 XLIX.
471 2374 613 2410 Diodor.
635 2376 723 2411 Plut.
751 2378 825 2412 Cic.
850 2380 923 2424 post
943 2382 1011 2418 red,
1033 2382 1068 2415 in
1091 2382 1161 2418 sen.
1186 2383 1407 2426 Quinfiilian.
1436 2396 1500 2434 ¹⁰2

218 2424 252 2452 ι.
277 2416 299 2464 S
321 2417 358 2452 L.
386 2418 533 2464 Appiam.
559 2420 682 2464 Vellei.
710 2421 800 2463 Plur.
