1675 2959
272 116 368 158 ‘220
433 109 527 158 JO.
551 110 1066 163 .FRE1NSHEMII
1110 118 1463 169 SUPPLEM.

269 229 409 257 navem
427 249 440 265 ‚
471 231 554 269 quae
579 218 719 260 milites
746 227 936 271 portaret,
959 222 1171 273 amiserat).
1187 225 1439 268 exsultantem
1469 229 1558 270 Cae-¹

270 277 362 319 saris
394 281 569 319 animum
602 279 707 320 luCtu
739 282 981 332 repleverunt
1013 284 1168 340 urbanae
1203 287 1345 338 literae,
1378 292 1557 331 nuntiato

267 339 382 390 Juliae
416 342 552 390 obitu,
584 355 701 393 quam
733 341 918 397 Pompejo
948 330 1094 397 Magno
1122 349 1388 392 collocaverat.
1441 341 1558 394 Obie-

267 411 329 442 rat
351 416 400 443 ex
419 413 541 454 partu.
566 418 737 456 moxque
762 404 980 457 duplicatus
997 410 1052 455 est
1071 410 1206 461 dolor,
1221 415 1433 469 decedente
1448 415 1566 470 puel-2

265 462 329 511 la,
358 477 472 513 quam
501 462 602 504 enisa
632 465 767 505 fuerat.
803 467 952 518 Corpus
974 470 1158 510 matronae
1179 485 1268 512 cum
1293 474 1334 517 in
1360 476 1445 516 foro
1470 489 1569 528 pro-.

265 527 435 577 positum
460 527 551 566 effet
566 559 577 577 ‚
605 528 688 577 post
708 529 910 569 funebrem
934 531 1196 573 lau‘dationem
1222 537 1346 586 rapuit
1368 539 1555 589 populus,

266 590 303 628 ἃ
329 589 368 627 in
408 602 547 639 campo
583 590 726 629 Martio
763 590 1150 642 sepelivitstribunis
1185 597 1460 648 incitantibus,
1488 601 1554 651 qui

262 649 315 686 ad
336 648 413 687 hoc
428 649 484 688 ab>
499 650 637 689 amicis
660 650 815 691 Caesaris
843 661 961 704 atque
984 654 1156 707 Pompeji
1173 659 1355 699 conducti
1376 660 1526 702 fuerant
1542 693 1555 711 ,

263 719 333 748 aut
367 709 502 760 sponte
538 711 748 763 captabant
773 713 846 753 hac
873 715 1097 756 adulatione
1129 721 1426 771 praepotentium
1457 723 1556 763 viro-

262 781 347 808 rum
385 772 557 821 gratiam.
1032 824 1034 826 ι
1077 822 1103 830 Γ

317 832 367 872 II.
394 834 435 873 L.
456 834 652 876 Domitius
682 836 939 885 reclamabat,
966 839 1004 878 in
1022 833 1134 881 loczlm
1152 843 1292 895 sc'zcrum
1313 844 1433 898 inferri
1460 862 1549 885 mor.

263 906 383 942 tuum,
414 897 516 948 nefas
535 897 597 950 effe
617 898 830 940 dictitans:
859 914 982 951 neque
1008 910 1138 943 tamen
1165 902 1269 945 ratio⁴
1296 906 1415 947 valuit
1447 909 1551 959 apud

259 966 474 1006 occupatos
497 958 721 1008 affieclibus,
763 963 799 1001 ἃ
825 963 991 1002 consulis
1026 967 1290 1006 auctoritatem
1325 982 1394 1018 pro
1428 969 1553 1010 nihilo

258 1017 394 1059 haberi
422 1021 694 1062 translatitium
719 1033 810 1063 erat.
838 1026 912 1066 Sed
941 1029 1231 1079 prudentiores,
1260 1033 1296 1071 ὅ(
1325 1032 1461 1081 quibus
1487 1034 1553 1073 ali-

258 1095 334 1132 qua
360 1083 523 1134 publicae
540 1115 551 1134 ,
581 1096 645 1124 aut
670 1086 785 1126 etiam
814 1087 886 1127 suae
913 1090 966 1127 rei
995 1103 1084 1130 cura
1118 1102 1220 1141 erat,
1254 1095 1374 1144 gravis
1400 1095 1549 1135 inceffit

256 1152 409 1194 metus,
426 1146 530 1195 fore,
557 1155 622 1196 ut,
656 1146 731 1188 boc
760 1150 859 1189 inter
885 1150 983 1191 duos
1003 1152 1150 1194 sublato
1179 1156 1551 1208 concordiae-pigno-

256 1218 326 1254 re,
364 1207 528 1247 ambitio
567 1208 793 1248 aemulorum
827 1211 1003 1251 civilibus
1043 1215 1154 1254 armis
1190 1216 1404 1257 collidatur.
1466 1220 1550 1260 Nec

254 1269 513 1311 fraudandus.
535 1272 685 1312 virtutis
702 1276 746 1319 ³&
769 1275 960 1325 gravitatis
975 1276 1060 1317 ⁴suae
1083 1277 1198 1318 laude
1221 1280 1341 1322 Caesar
1356 1311 1368 1327 ,
1396 1283 1461 1332 qui
1491 1284 1547 1321 in-

255 1338 316 1371 tra
348 1334 501 1372 tertium
539 1334 640 1373 diem
658 1365 669 1383 ,
690 1348 806 1386 quam
835 1336 917 1376 haec
948 1341 1123 1379 nuntiata
1149 1351 1278 1391 erant,
1308 1344 1358 1383 ad
1387 1344 1548 1396 impera-

256 1394 353 1433 toria
387 1396 520 1435 munia
544 1395 668 1436 rediit.

288 1452 379 1496 'HL
410 1456 512 1497 Inter
540 1457 623 1498 haec
652 1460 696 1499 A.
726 1459 880 1500 Gabinii
912 1460 1045 1509 causa,
1076 1463 1179 1502 vario
1210 1465 1246 1504 ἃ
1273 1465 1457 1515 pudendo
1487 1469 1549 1516 ju-

256 1518 444 1559 diciorum
481 1516 620 1560 eventu
658 1522 883 1573 agitabatur.
941 1523 1013 1564 Ille
1040 1525 1204 1574 periculi
1244 1525 1299 1566 sui
1331 1541 1409 1567 non
1440 1531 1546 1580 igna-

253 1593 339 1630 rus,
371 1593 458 1621 cum
492 1579 671 1635 magnam
708 1587 788 1626 vim
822 1588 904 1626 auri
944 1588 993 1627 ad
1031 1587 1296 1628 conciliandos
1321 1589 1387 1628 fibi
1421 1589 1545 1629 homi-

253 1635 323 1681 nes
353 1647 611 1697 praemisisset,
636 1659 801 1690 exeunte
823 1651 1041 1702 Septembri
1071 1655 1185 1692 noctu
1216 1654 1388 1694 introivi-t
1416 1656 1456 1694 in
1485 1670 1546 1695 ur·

252 1702 373 1755 bem3
416 1708 634 1760 paucosque
670 1712 754 1762 post
786 1712 866 1751 dies
900 1726 921 1751 a
957 1713 1000 1753 C.
1022 1712 1212 1753 Memmio
1244 1714 1399 1755 tribuno
1423 1715 1546 1767 plebis

253 1764 306 1807 ad
342 1770 530 1821 populum
555 1774 693 1813 acriter
719 1775 771 1814 est
795 1774 1003 1816 accusatu&
1042 1777 1138 1817 Cum
1166 1779 1407 1817 damnaretur
1430 1791 1514 1818 reus
1534 1811 1545 1829 ,

247 1830 435 1882 Sisenna,
460 1834 616 1880 Gabinii
639 1835 766 1888 filim,
789 1838 838 1876 ad
874 1838 990 1888 pedes
1011 1838 1192 1878 ‘Memmii
1222 1839 1450 1889 procubuit,
1472 1854 1541 1891 pro

249 1900 361 1944 patre
392 1895 723 1945 deprecabunduss.
779 1897 875 1937 Eum
898 1898 1109 1938 Memmius
1136 1901 1234 1938 truci
1266 1899 1372 1939 vultu
1400 1900 1543 1941 aversa-

253 1958 346 2001 tus,
371 1953 605 2005 aliquamdiu
630 1956 740 1996 humi
764 1960 888 2006 jr1cere
915 1958 1009 1999 sivit.
1049 1960 1149 2000 ‘Haec
1176 1959 1343 2010 species,
1370 1964 1405 2001 δ,-
1435 1964 1540 2012 quod

252 2016 429 2055 excussus
465 2030 487 2057 e
523 2031 641 2060 manu
667 2020 917 2060 adolescentis
944 2022 1108 2062 annulus
1141 2021 1354 2072 visebatur,
1384 2023 1436 2064 ita
1458 2038 1541 2063 mu-

251 2075 346 2114 tavit
375 2077 524 2117 animos
543 2109 553 2127 ,
581 2088 645 2127 ut,
670 2082 975 2135 approbantibus
1000 2084 1146 2123 cunetis
1162 2114 1172 2131 ,
1196 2098 1216 2123 a
1241 2085 1396 2124 tribuno
1418 2085 1539 2135 plebis

246 2135 364 2175 Laelio
402 2138 584 2180 Gabinius
622 2142 892 2183 dimitteretur.
933 2142 1059 2184 Postea
1090 2159 1241 2196 quoque
1268 2157 1373 2186 tanta
1412 2149 1449 2185 in
1481 2150 1538 2197 ju-

242 2197 403 2243 dicibus
432 2202 611 2251 rogandis
641 2205 936 2245 contentichn.
962 2205 1136 2257 Pompeji
1161 2206 1258 2255 fuit,
1277 2207 1428 2247 Caesaris
1451 2222 1535 2249 eam

247 2261 383 2301 amicis
410 2262 511 2302 enise
531 2265 834 2316 opitulantibus,
862 2278 904 2307 ut
926 2281 947 2307 a
974 2268 1014 2310 L.
1032 2269 1220 2318 Lentulo,
1248 2270 1410 2310 flaminis
1434 2271 1538 2321 filio,

255 2431 269 2464 1
298 2382 326 2466 §2⁵
349 2386 477 2476 lvfiieli'.
503 2387 684 2474 Elati—Cic.
702 2392 740 2425 ad
760 2391 803 2434 Q.
826 2393 920 2427 fratr.
941 2394 963 2439 §
988 2395 1027 2427 ll.
1051 2396 1126 2430 Liv.
1151 2397 1241 2442 Epit.
1264 2398 1407 2443 Appian.
1431 2398 1542 2433 civil..

274 2454 282 2464 .
331 2455 338 2463 .
437 2448 451 2463 ι
474 2457 480 2464 .
542 2459 551 2475 ,
592 2459 620 2474 Ι.
