1675 2959
274 107 368 157 226
436 107 529 154 JO.
569 107 1066 156 FREINSHEMII
1112 105 1466 154 SUPPLEM.

270 213 434 264 habuit,
457 217 545 266 quia
559 215 685 256 Parthi
705 215 879 254 adversus
895 214 1139 265 improvisam
1156 215 1407 265 irruptionem
1426 225 1562 266 parum

270 280 534 330 providerant.
560 279 741 318 Occurrit
761 287 893 316 tamen
919 277 968 315 ad
991 276 1128 316 Ichnas
1151 277 1216 331 (id
1243 276 1394 316 castello
1418 287 1562 317 nomen

272 342 352 390 est)
380 354 469 380 cum
494 341 625 391 paucis
649 339 843 390 equitibus
866 351 964 377 unus
989 351 1038 377 ex
1070 338 1284 388 purpuratis
1310 338 1474 386 Silaces;
1507 338 1563 376 vi-

272 404 430 454 &usque
445 402 593 453 prorsus
614 401 817 440 contendit
837 401 886 440 ad
911 412 1039 450 regem
1053 429 1064 448 ,
1081 400 1279 450 praesentia
1304 401 1561 440 nuntiaturus.

346 465 491 506 XVIII.
531 463 688 503 Interim
726 462 874 503 Crassus
913 462 1309 512 impune²diripiebat
1342 464 1565 515 Mesopota-

271 531 420 576 miam,
457 525 704 576 civitatesque
734 528 770 566 64
808 523 958 564 castella
991 525 1030 563 in
1059 524 1298 564 deditionem
1325 527 1562 577 accipiebat,

271 592 451 633 lubenter
479 589 748 628 deficientibus
777 589 918 629 Graecis
935 618 946 636 ,
979 601 1143 638 quorum
1167 588 1222 627 ibi
1256 588 1473 639 frequentes
1499 601 1565 627 co-

271 654 399 694 lonias
429 666 590 704 magnus
614 649 854 700 Alexander,
887 653 922 691 δι
944 651 1082 701 ‘postea
1104 650 1329 691 successores
1357 652 1439 700 ejus
1471 663 1565 690 con-

272 717 482 756 stituerant.
521 714 582 754 Illi
598 745 608 762 ‚
632 713 857 754 Parthorum
884 713 1089 763 imperium
1111 713 1276 764 gravati,
1295 725 1470 763 *quorum
1497 712 1565 750 do-

272 780 403 818 minos
427 776 535 816 fuisse
555 777 717 824 majores
743 774 828 813 suos
853 775 1078 822 arrdierant,
1095 773 1262 825 auspicia
1274 766 1564 821 Romanorum,

273 839 385 890 apud
411 850 506 888 quos
535 838 574 876 in
612 838 737 887 pretio
769 837 920 876 Graecos
956 835 1036 879 esse
1055 843 1216 884 norant,
1249 833 1353 875 haud
1381 835 1566 886 gravatim·

274 902 543 953 sequebantur.
567 899 826 940 Zenodotium
851 906 1003 946 tamen,
1020 900 1131 947 cujus
1146 892 1335 948 'tyrannus
1353 906 1432 936 erat
1452 896 1567 948 Apol-

273 965 405 1005 lonius
437 961 676 1017 (Osrhoenae
707 974 751 1000 ea
789 961 925 1000 civitas
960 960 1056 1009 fuit3
1096 959 1298 1002 Osrhoena
1331 973 1445 1011 porro
1476 971 1568 1011 prae-

272 1027 422 1066 fecfrura
449 1023 769 1075 Mesopotamiae)
799 1036 885 1062 cum
916 1023 1106 1060 accivisset
1131 1023 1344 1070 przefidium
1372 1023 1569 1062 Romano-

274 1102 386 1136 rum,
408 1095 565 1125 centum
592 1083 730 1122 milites
752 1083 898 1121 occidit
915 1113 925 1130 ‚
955 1084 989 1121 δε
1018 1081 1068 1120 ob
1095 1093 1178 1119 eam
1205 1093 1350 1120 noxam
1375 1082 1568 1132 direptum

276 1151 356 1198 estg
388 1146 574 1199 oppidani
599 1144 668 1184 sub
697 1144 799 1182 hasta
829 1143 999 1183 venditi:
1031 1140 1177 1181 Crassus
1204 1142 1411 1192 imperator
1437 1141 1571 1192 appel-

274 1211 393 1251 latus.
417 1211 455 1250 Is
477 1210 527 1248 ob
554 1220 611 1246 res
634 1215 715 1245 tam
739 1205 892 1255 exiguas
917 1203 1056 1254 cupide
1080 1210 1262 1252 acceptus
1286 1202 1432 1251 honor,
1456 1201 1567 1241 valde

278 1273 604 1314 existimationem
642 1271 724 1317 ejus
755 1267 977 1312 imminuit,
1014 1264 1112 1315 quasi
1151 1262 1415 1314 desperatione
1445 1265 1570 1312 majo.

275 1350 367 1376 rum
397 1347 446 1374 ex
470 1334 616 1372 levium
647 1331 836 1382 gestorum
861 1328 1030 1369 successu
1053 1327 1223 1367 summos
1254 1326 1413 1378 adipisci
1441 1325 1570 1366 hono-

277 1411 340 1438 res
365 1402 597 1448 properaret.

338 1461 453 1501 XIX.
485 1459 569 1499 Nec
589 1457 694 1496 enim
722 1453 929 1507 quidquam
963 1460 1142 1505 praeterea
1170 1460 1371 1492 cruentum
1399 1460 1464 1490 aut
1496 1450 1568 1490 ho·-

279 1522 363 1563 stile
396 1530 477 1560 tota
503 1534 547 1559 ea
580 1519 775 1569 expeditio
804 1516 966 1565 habuit,
992 1515 1128 1566 sponte
1160 1514 1208 1552 ad
1237 1526 1326 1552 eum
1356 1512 1569 1551 deficienti-

278 1585 355 1626 bus
377 1583 522 1623 multis.
557 1583 694 1632 Neque
717 1579 990 1627 dubitabatur,
1016 1577 1108 1627 quin
1134 1587 1317 1626 magnum
1339 1585 1569 1624 operaepre-

281 1649 381 1687 tium
403 1644 573 1692 feciffet,
598 1644 622 1682 {i
647 1643 786 1682 eodem
812 1644 958 1692 impetu
984 1640 1084 1679 inter
1104 1647 1290 1678 terrorem
1320 1635 1569 1676 barbarorum

282 1711 336 1751 ad
364 1708 601 1760 Babylonem
629 1709 664 1747 ἅ
686 1706 924 1752 Seleuciam,
954 1703 1067 1742 urbes
1098 1714 1295 1752 nunquam
1323 1699 1499 1739 diuturna
1523 1697 1569 1736 fi-

285 1773 337 1813 de
369 1781 523 1822 pacatas
556 1769 725 1816 Parthis,
753 1769 853 1819 signa
881 1768 1053 1807 Romana
1085 1762 1343 1816 promovisset.
1379 1761 1455 1802 Sed
1481 1759 1568 1808 ille,

284 1845 491 1875 contentus
513 1833 648 1883 sponte
671 1831 831 1876 oblatis,
856 1842 902 1868 ne
923 1828 988 1868 illa
1013 1827 1169 1878 quidem
1190 1826 1307 1872 tueri,
1329 1836 1396 1874 pro
1422 1823 1570 1873 magni-

284 1898 424 1936 tudine
449 1894 631 1946 periculi,
672 1906 770 1932 curae
796 1891 940 1931 habuit.
982 1890 1138 1939 Septem
1169 1887 1338 1926 millibus
1365 1885 1540 1936 peditum
1558 1914 1571 1932 ‚

285 1957 482 2009 equitibus
509 1956 615 1996 mille
637 1969 703 2006 per
723 1954 892 2005 praesidia
913 1951 1142 1998 distributis,
1168 1948 1314 1989 receffit
1337 1949 1377 1986 in
1403 1945 1574 1997 Syriam,

286 2020 530 2070 spatiumque
567 2018 675 2057 dedit
709 2016 805 2055 hosti
840 2013 1090 2064 comparandi
1124 2010 1227 2059 sese,
1257 2012 1292 2050 ἃ
1322 2006 1573 2058 recuperandi

287 2083 431 2124 amissa.

346 2146 440 2186 XX.
469 2144 530 2184 Ne
560 2142 672 2181 armis
706 2140 862 2191 quidem
897 2135 1076 2188 parandis
1106 2144 1171 2174 aut
1205 2131 1419 2172 exercendo
1455 2127 1576 2168 milite

291 2207 501 2248 consumsit
529 2205 779 2244 hibernorum
805 2212 981 2252 ternpus;
1017 2199 1080 2238 sed
1106 2197 1277 2248 pecuniae
1304 2193 1486 2245 cogendae
1518 2193 1578 2231 in-

291 2277 452 2317 tentus,
496 2265 711 2318 imperabat
746 2263 912 2309 auxilia,
947 2274 1028 2311 quae
1061 2271 1153 2299 mox
1186 2257 1308 2309 pretio
1344 2255 1576 2302 remitteret3

347 2386 367 2427 ξ
392 2384 503 2416 XVII.
545 2382 634 2414 Flor.
665 2390 706 2423 3,
741 2391 793 2412 10.
833 2379 921 2411 Plut.
953 2375 1037 2408 Caes.
1060 2375 1203 2407 Diodor.
1230 2374 1252 2420 §
1275 2372 1408 2409 XVIII.
1427 2370 1572 2405 Diodor-

300 2428 389 2466 Caes.
408 2429 496 2463 Plut.
523 2427 544 2473 §
570 2427 662 2461 XIX.
686 2426 802 2460 Front.
830 2425 933 2458 Strat.
956 2432 972 2467 3
993 2447 1003 2463 ,
1031 2432 1081 2463 ¹7·
1105 2418 1209 2454 Oros.
