1675 2959
279 147 374 199 392
448 111 1481 203 JO.F1{E1NSHEM1131]PP‘LEM;

283 242 492 283 fundarum
515 246 652 286 virium
679 261 793 299 ergo,
819 251 844 289 s1
868 251 1032 301 spatium
1059 253 1268 305 habuiffet3
1293 271 1340 297 an
1363 263 1505 312 magis,
1530 269 1576 304 u&

281 303 399 355 fuga,
422 320 534 357 quam
559 310 810 359 moliebatur,
829 319 936 351 tanto
962 314 1053 353 effet
1067 317 1265 359 occultior.
1289 320 1402 360 Certe
1418 322 1573 364 Caesaris

281 367 452 408 adventu
479 372 636 420 cognito
652 401 663 417 ,
695 371 863 411 Lesbum
893 374 1120 425 transmisit,
1141 377 1208 417 ubi
1235 380 1347 425 initio
1372 381 1463 422 belli
1480 384 1572 424 Cor-

282 427 425 468 neliam
462 432 667 481 conjugem
691 431 919 482 seposuerat.
952 435 1212 478 Invitantibus
1235 440 1276 479 in
1304 442 1440 483 urbem
1465 444 1573 487 suam

278 489 533 543 Mityleuaeis,
557 501 671 544 atque
699 494 949 536 offerentibus
969 501 1100 538 omnia
1115 530 1129 547 ,
1149 514 1229 541 non
1254 506 1405 554 par-uit3
1430 506 1493 547 sed
1516 521 1572 548 re-

281 563 396 604 cepta
412 536 605 596 ‘Cornelia
634 556 824 609 rebusque
854 562 962 609 ejus,
997 561 1158 602 biduum
1186 569 1460 608 tantummodo
1488 583 1574 610 mo-

281 624 385 655 ratus
423 629 490 666 per
518 619 806 668 tempestatem,
839 632 1003 673 quatuor
1035 624 1177 665 additis
1207 627 1408 676 astuariis,
1436 643 1518 681 quae
1549 645 1570 672 a

280 676 450 716 Rhodiis
480 680 516 718 δε
538 679 642 730 Tyro
663 691 869 730 venerant,
901 685 942 722 in
966 683 1144 725 Ciliciam
1175 690 1328 728 avec-:rus
1359 691 1422 730 est⁴

337 737 407 778 IX.
436 739 492 779 Eo
521 741 563 779 in
589 741 698 781 cursu
724 745 760 783 ὃς
789 744 925 786 Sextus
954 746 1055 786 filius
1085 761 1175 788 eum
1207 750 1394 791 affeeutus
1423 753 1499 800 est,
1531 755 1570 794 &-

277 810 445 850 magnus
467 814 648 842 numerus
672 803 917 848 senatorum:
948 810 983 848 &
1008 822 1123 850 naves
1149 813 1323 862 quaedam
1346 826 1435 854 cum
1462 816 1567 856 mili-

277 858 382 898 tibus
403 873 449 899 ex
474 860 606 901 Cilicia
631 875 892 906 occurrerunt.
917 867 1097 919 Exposito
1125 871 1242 921 igitur
1267 872 1473 924 Dejotaro,
1501 878 1568 927 qui
1610 907 1620 911 -

277 918 462 960 ultimum
481 922 681 964 Orientem
707 926 746 964 in
772 927 957 968 auxilium
981 930 1156 981 Pompeji
1180 944 1468 984 commoveret,
1487 937 1568 988 ipse

277 994 417 1034 praeter
437 985 629 1037 Ephesum
657 991 694 1030 Sc
716 990 1011 1042 Colophonem,
1035 994 1378 1048 inter-jacentesque
1400 1000 1538 1041 insulas
1552 1032 1565 1051 ,

278 1046 466 1087 Rhodum
493 1049 616 1099 petiit.
649 1050 822 1100 Rhodii,
850 1053 1050 1104 postquam
1076 1054 1171 1095 alius
1198 1057 1272 1098 effe
1292 1061 1371 1108 jam
1395 1054 1566 1113 coeperae

272 1108 506 1159 Pompejus,
531 1111 708 1151 adversus
730 1112 839 1152 illum
867 1115 985 1154 iidem
1015 1116 1088 1156 effe
1116 1118 1327 1161 defierant:
1360 1123 1473 1174 igitur
1495 1140 1567 1178 op.

270 1169 370 1220 pido
394 1179 586 1220 portuque
609 1170 866 1222 prohibitum,
892 1174 1006 1219 miffis
1026 1177 1074 1215 ad
1095 1190 1182 1217 eum
1205 1180 1439 1224 &Lentulos
1462 1199 1565 1226 nun-

275 1231 366 1280 tiis,
397 1246 442 1270 ex
467 1233 515 1271 iis
539 1234 628 1272 locis
649 1237 820 1289 discedere
851 1237 1047 1287 jusserunt.
1082 1241 1245 1282 Primam
1274 1245 1451 1295 urbium,
1477 1248 1564 1288 nus-

275 1307 393 1344 quam
409 1296 513 1346 prius
537 1297 613 1336 ausi
636 1299 848 1349 consistere,
869 1301 1050 1342 Attaliam
1074 1303 1242 1345 inierunt
1262 1307 1300 1345 in
1315 1308 1561 1362 Pamphylia;

273 1370 363 1396 cum
402 1360 482 1407 jam
520 1358 714 1401 recollesti
751 1374 799 1403 ex
832 1363 924 1416 fuga
957 1364 1147 1406 senatores
1180 1368 1330 1409 circiter
1363 1371 1560 1423 sexaginta

272 1420 405 1459 ess'ent.

327 1483 379 1523 X.
405 1482 577 1533 Deinde,
606 1487 695 1536 quia
719 1486 924 1538 Pompeius
948 1492 1178 1532 commodos
1204 1496 1402 1545 aquationi
1432 1498 1560 1538 rebus-

272 1559 347 1596 que
382 1547 593 1589 neceffariis
628 1558 789 1601 portus,
829 1553 1014 1604 simulque
1045 1557 1268 1598 remotiores
1306 1560 1561 1602 abstrufioress

272 1621 348 1656 que
369 1608 618 1660 sequebatur,
639 1613 779 1664 Syedra
804 1615 1011 1664 concessit,
1035 1617 1224 1658 desertum
1249 1619 1398 1662 Isauriae
1421 1622 1559 1675 scopu-

270 1669 380 1718 lum,
410 1672 515 1721 quod
546 1672 681 1713 navale
711 1675 1014 1718 Selinuntiorum
1050 1689 1141 1722 erat.
1178 1681 1236 1722 Ibi
1264 1684 1422 1724 demum
1451 1686 1556 1726 cela,

269 1739 357 1771 tum
392 1727 574 1772 haetenus
605 1734 803 1776 confilium
836 1738 980 1778 nudare
1008 1741 1152 1791 coepit,
1176 1744 1218 1796 se
1238 1743 1385 1798 diffificm
1411 1747 1557 1797 provin-

267 1797 335 1835 ciis
365 1798 549 1846 omnibus,
580 1811 745 1838 externas
771 1816 852 1854 opes
879 1817 1034 1856 quaerere.
1066 1804 1165 1845 Cum
1197 1807 1236 1845 in
1265 1807 1554 1850 &estimationem

271 1860 402 1897 omnia
430 1860 575 1900 circum
597 1874 709 1912 regna
739 1863 943 1911 venissent,
964 1865 1013 1904 ad
1039 1865 1218 1907 Parthum
1237 1868 1447 1910 inclinabat
1474 1870 1554 1910 sen-

270 1921 413 1961 tentia:
443 1921 509 1961 sed
538 1921 624 1970 hic,
652 1925 821 1964 amicitia
847 1925 1020 1977 Pompeji
1048 1929 1187 1977 rejecta
1205 1943 1342 1980 nuper,
1363 1932 1478 1971 etiam
1503 1932 1556 1972 le-

268 1991 377 2033 gatos
407 1982 454 2022 ab
484 1997 530 2023 eo
562 1985 688 2025 missos
719 1985 905 2026 habuerat
933 1988 970 2026 in
994 1989 1177 2039 vinculis3
1210 2003 1389 2042 praeterea
1416 1996 1465 2033 ad
1494 1995 1552 2034 in-

264 2044 486 2084 terfee'lores
517 2045 733 2086 Crassorum
765 2047 986 2089 Corneliam
1018 2050 1186 2105 adducit,
1218 2065 1302 2103 qua:
1331 2066 1448 2105 nupta
1481 2055 1552 2097 Pu..

265 2103 347 2144 blio
381 2107 529 2155 fuerat,
567 2110 601 2147 Sc
628 2109 677 2147 ad
708 2109 998 2159 projcfflffimos
1029 2113 1070 2151 in
1100 2112 1332 2164 libidinem,
1366 2118 1549 2165 juvenem

264 2164 472 2205 formosam
489 2197 499 2214 ,
532 2168 698 2208 alienum
720 2170 930 2210 videbatur.

318 2227 390 2269 XI.
416 2227 557 2276 Jubam
583 2230 805 2270 fidissimum
834 2232 1007 2283 partibus
1042 2246 1168 2286 regem
1192 2236 1297 2286 peti,
1319 2237 1474 2276 vetabat
1492 2238 1548 2278 in-

309 2360 331 2403 g
368 2359 460 2392 VIII.
485 2359 609 2404 Vellej.
631 2372 671 2402 2,
699 2372 751 2400 52.
771 2363 860 2395 Plut.
903 2365 922 2397 Ε
956 2364 1016 2413 IX.
1050 2364 1192 2415 Diodonr.
1223 2369 1245 2415 ¹5
1274 2379 1328 2406 42.
1354 2368 1443 2402 Plut.
1470 2369 1542 2403 Cic.

261 2405 427 2493 &Singa
442 2406 661 2496 {affluit-tric.
688 2418 750 2456 12,
767 2420 819 2451 14·
843 2411 864 2453 5
886 2409 930 2445 Χ,
949 2408 1038 2452 Hor.
1059 2411 1185 2454 Vellei.
1204 2411 1285 2449 Dia.
1306 2414 1452 2466 Appiam.
1474 2413 1535 2451 Ju-.
