1675 2959
252 148 285 193 4
382 129 1414 188 1012FRE1NSHEM115UPPLEM.

254 236 503 290 diriperetur3
537 241 586 279 ad
604 240 763 283 >Ostiam
788 239 910 280 claffis
938 254 1010 292 ea,
1047 243 1109 282 cui
1139 244 1273 283 consul
1305 245 1440 296 populi
1466 243 1543 286 Rue

253 303 359 341 mani
385 301 604 351 praepofitus
634 302 749 348 effet,
780 304 1082 354 opprimeretur3
1125 318 1174 345 ex
1205 306 1357 347 Miseno
1394 308 1545 358 abripe=

252 372 356 402 retur
381 363 436 403 M.
464 363 622 403 Antonii
648 362 751 411 filia,
784 368 866 414 eJus
892 365 1030 416 ipsius,
1070 368 1137 417 qui
1173 380 1264 408 cum
1294 369 1545 419 praedonibus

251 433 365 465 antea
395 423 539 464 bellum
565 422 748 475 gefl'er'at,
776 437 838 464 rus
873 425 974 465 forte
998 426 1218 477 exspatiata.

307 489 391 529 HI
420 489 467 528 Et
492 487 688 526 acerbiora
717 486 827 526 malis
853 487 1021 528 ludibria
1046 498 1164 529 erant.
1197 491 1342 541 quippe
1369 489 1437 530 ubi
1458 489 1546 541 quis

251 560 435 601 exceptus
471 552 668 589 Romanum
691 551 731 602 fe
763 551 872 588 civem
907 551 971 604 effi
1005 552 1238 601 testabatur,
1272 553 1397 593 femur
1426 554 1547 593 ferie-

252 615 371 663 bant,
392 623 574 663 tanquam
596 613 734 651 timore
758 602 915 662 perciti,
937 614 1175 665 genibusque
1197 617 1280 665 ejus
1300 617 1544 665 accidentes,

251 677 415 718 orabant
438 676 540 714 effrosi
556 677 706 713 veniam.
735 687 823 712 mox
843 675 1031 724 aderant,
1055 678 1123 726 qui
1143 676 1293 717 calceos
1318 679 1547 718 inducerent

251 739 431 786 homini,
465 746 673 787 togamque
700 736 860 783 darent,
889 748 938 774 ne
961 737 1146 776 videlicet
1177 740 1332 789 ignotus
1363 739 1464 778 ultra
1493 739 1549 779 ci-

245 801 310 841 vis
334 800 533 840 Romanus
564 796 667 836 estet.
707 795 785 836 Ubi
821 796 979 835 tandem
1011 797 1268 837 ludibriorum
1297 812 1363 838 eos
1393 799 1547 839 satietas

253 862 382 913 cepit,
406 859 514 900 scalis
539 859 587 898 ab
613 872 678 898 ora
701 859 807 897 navis
842 859 883 897 in
912 870 1014 897 mare
1044 858 1202 900 dimiffis
1235 861 1331 898 abire
1356 860 1548 908 jubebant

250 925 475 963 incolumem:
498 923 719 961 cunctatum
743 921 779 959 δε
801 919 1030 959 resistentem
1055 921 1357 971 praecipitabant.
1379 923 1442 963 Ob
1464 922 1549 963 haec

248 985 425 1039 ¹pericula
453 985 628 1036 quotidie
658 996 717 1023 res
744 984 992 1023 frumentaria
1018 985 1058 1023 in
1085 985 1180 1024 urbe
1209 985 1327 1026 fiebat
1355 987 1547 1037 deterior,

174 1086 179 1097 ,
234 1053 293 1090 χιὸζ
320 1050 456 1100 ingens
493 1057 572 1089 erat
600 1048 641 1087 in
669 1056 775 1088 tanta
808 1047 1015 1087 hominum
1050 1048 1162 1089 turba
1196 1049 1309 1089 famis
1340 1052 1376 1090 δε
1406 1051 1549 1103 inopiae

253 1121 393 1153 metus.

311 1174 414 1215 VIII.
445 1173 530 1216 Nec
554 1184 634 1215 erat
657 1173 778 1214 facile
806 1171 951 1212 bellum
977 1172 1015 1212 in
1039 1172 1218 1213 homines
1245 1173 1371 1214 subito
1398 1174 1547 1226 magnis

192 1251 197 1256 ’
255 1236 479 1286 navigantes
507 1235 707 1284 claffibus,
731 1236 982 1286 eosdemque,
1008 1235 1073 1274 ubi
1102 1232 1330 1282 voluissent,
1358 1246 1547 1287 tanquam

253 1311 454 1341 momento
480 1300 736 1350 disparentes,
760 1301 796 1340 ἅ*
819 1301 859 1338 in
884 1299 1049 1338 latebras
1072 1292 1376 1338 non-inaccessas
1401 1301 1545 1349 niodo,

253 1364 322 1406 sed
347 1363 464 1403 etiam
486 1363 702 1413 incognitas
730 1361 840 1408 aliis,
867 1359 1046 1412 dilapsos.
1073 1362 1210 1412 Neque
1235 1362 1407 1402 Muraena
1431 1363 1548 1413 igitur

256 1439 461 1474 coercere,
491 1425 581 1464 li'cet
607 1426 757 1471 victos,
794 1432 999 1474 potuerat3
1030 1436 1157 1474 neque
1190 1424 1325 1473 majori
1362 1424 1551 1477 deinceps

253 1488 358 1529 mole
379 1501 446 1539 per
468 1486 618 1538 aliquot
638 1486 843 1525 continuos
864 1498 983 1524 annos
1005 1485 1234 1525 incumbens
1255 1486 1455 1526 Isauricus,
1473 1486 1550 1537 Igi-

254 1559 318 1590 tur
345 1563 485 1602 magno
512 1548 636 1600 plebis
667 1546 853 1599 applausu
887 1545 1012 1597 legem
1043 1546 1228 1586 Gabinius
1264 1546 1547 1598 promulgavit,

253 1613 308 1651 un·
324 1627 369 1650 ex
395 1611 487 1650 omni
509 1608 743 1662 confitlariztm
767 1621 906 1644 numero
932 1621 1024 1645 unus
1041 1608 1266 1660 deligeretur,
1291 1608 1347 1646 cui
1366 1608 1547 1659 imperium

253 1675 294 1714 in
321 1674 505 1713 triennium
535 1671 640 1724 effit,·
674 1672 827 1723 idemque
849 1670 1000 1722 legatos,
1031 1681 1199 1722 quotquot
1224 1683 1269 1708 ex
1298 1671 1362 1723 usu
1374 1669 1455 1722 sbre
1478 1683 1550 1723 pu-

253 1747 369 1784 taret,
395 1728 580 1789 ascisceret.

311 1798 382 1838 IX.
416 1797 512 1837 Idne
537 1794 711 1846 Pompeii
736 1793 932 1834 voluntate
960 1793 1170 1841 Gabinius,
1197 1805 1246 1831 an
1264 1791 1362 1831 ultro
1388 1791 1550 1845 fecerit,

256 1867 301 1901 ut
324 1860 420 1900 tanti
438 1860 508 1899 viri
529 1866 784 1908 aucuparetur
811 1858 969 1907 gratiam
985 1887 995 1905 ‚
1027 1857 1218 1894 incertum
1246 1856 1318 1895 est:
1342 1854 1440 1894 illud
1465 1866 1550 1894 cer-

254 1923 465 1970 tiffimum,
492 1937 573 1962 non
597 1922 670 1961 esse
696 1921 894 1960 ind-ustum
920 1933 1051 1960 amore
1075 1918 1317 1970 reipublicae,
1343 1931 1458 1968 quam
1476 1917 1549 1958 ho-

257 2001 325 2027 mo
360 1987 542 2037 peffimus
576 1987 614 2024 in
642 1984 748 2023 nullo
783 1997 943 2024 numero
969 1983 1147 2024 ducebat.
1183 1983 1290 2022 Licet
1317 1991 1443 2021 autem
1478 1996 1550 2022 no-

259 2052 428 2090 minatus
457 2052 497 2089 in
524 2050 607 2100 lege
634 2050 839 2099 Pompejus
866 2062 944 2087 non
973 2056 1080 2095 erat3
1120 2046 1285 2086 dubitari
1315 2055 1445 2086 tamen
1479 2060 1551 2086 ne-

257 2113 416 2162 quibat,
452 2114 544 2162 quin
580 2121 667 2150 ante
695 2123 830 2149 omnes
862 2109 970 2149 illum
1008 2109 1196 2148 eleeturus
1235 2109 1403 2159 populus
1439 2108 1546 2151 effet.

258 2175 378 2224 idque
410 2173 544 2220 snnul,
573 2181 686 2222 atque
716 2174 872 2211 recitata
902 2172 965 2211 lex
993 2181 1098 2218 erat,
1131 2170 1339 2221 apparebat
1372 2170 1548 2210 futurum

259 2237 360 2284 effe,
390 2237 538 2275 cuncus
562 2236 685 2274 statim
711 2237 758 2274 ad
790 2236 1015 2286 Pompejum
1042 2233 1338 2284 respicientibus.
1375 2233 1451 2272 Sed
1479 2233 1549 2272 Pa-

260 2305 363 2348 tres',
394 2300 627 2350 quamquam
656 2299 695 2337 in
724 2299 779 2338 M.
806 2299 975 2338 Antonio
1006 2296 1168 2337 similem
1194 2303 1283 2334 ante
1317 2294 1547 2344 potestatem

309 2418 331 2461 §
358 2419 418 2450 (ΙΙ.
447 2419 518 2450 Cic.
537 2419 624 2451 Plut.
642 2419 716 2461 App
721 2419 787 2450 ian
812 2415 1109 2463 Mithrid.§v.11
1125 2415 1272 2462 Appian.
1293 2413 1383 2448 Plut
1407 2414 1430 2461 §
1450 2411 1550 2452 v·.111

262 2431 740 2508 A151›ia:2.·.1²lu11220dor.p.1
768 2462 823 2508 36.
