1675 2959
278 122 367 182 196
443 121 536 168 Jo.
579 104 1076 168 rammi-lami
1117 121 1470 172 SUPPLEM.

276 229 366 268 dem
393 228 532 269 effent:
566 228 705 279 reliqui
735 242 825 268 cum
854 228 953 268 duce
981 228 1049 268 suo
1083 228 1352 269 Alexandriam
1379 231 1570 280 confuge-

272 302 387 342 runt,
415 293 539 332 castris
561 302 649 331 ante
675 292 754 342 ipsa
779 293 1023 330 munimenta
1044 293 1188 342 positis,
1212 293 1256 332 In
1277 291 1370 340 hos,
1392 294 1481 342 quia
1505 301 1571 331 ve-

267 355 376 395 niam
398 354 627 395 delictorum
651 353 822 393 oblatam
843 365 864 391 a
882 353 1050 392 Gabinio
1074 354 1394 404 aspernabantur,
1421 357 1567 393 iterum

266 416 390 457 fac‘tus
413 417 602 466 impetus,
621 417 682 461 Sc,
700 414 884 468 plerisque
910 414 1028 461 caesrs,
1050 417 1167 454 ceteri
1189 416 1285 455 intra
1302 429 1432 455 muros
1458 429 1566 455 com-

261 478 360 531 pulsi
381 478 475 518 sunt.
501 480 587 518 Hoc
602 477 741 528 proelio
767 477 867 515 clara
886 477 940 516 M.
967 477 1122 516 Antonii
1142 478 1262 516 virtus
1279 479 1420 517 exstitit
1433 509 1444 527 ‚
1459 477 1562 516 mul·

267 542 378 590 tique
404 539 568 578 hostium
589 539 700 589 ipsius
718 551 835 578 manu
866 539 1070 578 interfecti.
1096 540 1181 579 Nec
1201 539 1265 578 diu
1287 540 1416 589 postea
1432 539 1567 578 restitit

267 602 501 642 Alexander.
539 615 614 652 quo
641 602 681 640 in
697 602 941 640 deditionem
968 609 1155 652 accepto,
1179 601 1365 641 Gabinius
1386 602 1564 649 castella,

265 677 351 714 quae
383 664 670 703 nominavimus
690 693 700 711 ,
727 666 763 703 &
807 674 990 714 praeterea
1019 665 1284 715 Hyrcanium,
1319 678 1368 704 ne
1398 679 1455 705 res
1484 680 1562 705 no-

264 726 445 765 vantibus
474 727 648 775 receptui
676 724 822 773 ess'ent,
855 726 999 765 diruit:
1036 734 1172 765 contra
1207 727 1351 766 dirutas
1382 726 1475 765 olim
1503 740 1563 766 ur-

262 789 334 829 bes
367 789 524 828 restituit
558 789 696 828 multas
715 819 727 837 ,
767 789 1024 841 Scythopolin
1043 821 1055 839 ,
1090 791 1300 830 Samariam
1319 820 1330 839 ‚
1361 790 1565 830 Anthedo-

263 865 378 899 nem,
404 853 593 898 Azotum,
626 849 838 900 Raphiarn‚
873 851 1001 899 Dora,
1032 851 1253 900 Mariffam,
1287 852 1563 903 Apolloniam,

262 915 459 964 jamniam
474 944 485 961 ‚
512 913 671 953 Gamala
686 944 697 962 ‚
723 913 867 953 Gazam
882 944 894 962 ‚
928 916 963 953 Sc
987 913 1081 954 alias
1103 923 1285 965 praeterea
1308 927 1386 953 non
1408 928 1562 965 paucas.

264 977 441 1024 Judaeam
468 975 611 1014 deinde
643 976 697 1013 ita
724 975 969 1025 composuit,
1000 984 1043 1014 ut
1063 976 1224 1015 reducto
1249 976 1562 1029 Hierosolymam

261 1039 447 1089 Hyrcano
485 1036 742 1076 sacerdotium
777 1038 980 1084 redtleret3
1018 1045 1175 1088 gentem
1207 1038 1415 1088 optimates
1454 1051 1566 1089 rege-

260 1112 372 1147 rent,
406 1099 576 1150 quinque
603 1098 861 1137 conventibus
883 1098 1074 1137 institutis.

330 1161 421 1202 XII.
447 1160 510 1200 Ob
538 1159 604 1199 has
625 1173 682 1199 res
703 1172 818 1208 cum,
841 1160 956 1199 miffis
979 1161 1020 1198 in
1047 1159 1181 1199 urbem
1212 1158 1354 1209 literis,
1376 1159 1564 1210 supplica-

258 1225 409 1264 tionem
444 1222 620 1274 petisset,
657 1222 791 1262 idibus
827 1221 947 1270 Majis
982 1221 1172 1271 frequenti
1207 1219 1338 1260 senatu
1368 1221 1558 1272 denegata

263 1286 340 1325 est:
365 1285 470 1336 quod
493 1292 628 1335 praeter
652 1283 699 1323 T.
726 1282 930 1323 Albucium
962 1283 1158 1322 acciderat
1179 1283 1340 1323 nemini.
1370 1283 1463 1323 Eam
1485 1283 1562 1323 Ga-

259 1348 391 1390 binius
428 1347 683 1399 ignominiam
719 1346 916 1385 Ciceronis
956 1345 1107 1385 inimici
1135 1359 1251 1396 opera
1271 1355 1469 1397 putaretur
1497 1360 1560 1386 ac-

262 1409 428 1461 cepisse,
454 1409 521 1449 nili
544 1422 610 1460 per
632 1408 847 1448 absentiam
874 1409 1071 1457 Ciceronis
1088 1409 1128 1448 id
1144 1407 1236 1447 effet
1256 1410 1395 1448 aetum.
1431 1409 1556 1448 Publi-

260 1485 450 1512 canorum
481 1471 741 1523 potentissima
775 1472 900 1512 factio·
932 1471 1142 1522 plurimum
1179 1471 1213 1510 ei
1252 1471 1424 1510 nocuisse
1452 1472 1559 1512 vide·

260 1544 348 1584 tur,
388 1536 449 1574 cui
476 1535 515 1574 se
543 1537 584 1575 in
621 1535 817 1585 provincia
853 1547 1037 1586 perquam
1069 1534 1248 1584 iniquum
1276 1533 1555 1585 adversumque

263 1597 499 1637 exhibuerat.
542 1597 643 1637 Cum
672 1597 815 1637 deinde
852 1598 922 1637 Cn.
954 1597 1160 1646 Pompejus
1199 1596 1271 1635 Cn.
1309 1595 1349 1634 F.
1377 1596 1462 1635 Sex.
1503 1598 1554 1637 N.

260 1660 457 1710 Magnus,
478 1658 535 1699 M.
562 1659 730 1700 Licinius
755 1661 792 1700 P.
818 1659 859 1700 F.
883 1660 941 1700 M.
968 1660 1018 1700 Ν.
1044 1658 1214 1707 Craffus,
1244 1657 1363 1697 altero
1389 1658 1553 1710 collegio

261 1721 506 1762 consulatum
530 1722 710 1770 iniss'ent‚
745 1732 833 1762 ante
859 1724 994 1762 omnia
1021 1733 1236 1761 ceterorum
1267 1722 1556 1774 magistratuum

263 1785 424 1825 coniitia
453 1796 551 1824 curae
574 1783 820 1825 habuerunt:
852 1785 1008 1824 intentis
1028 1786 1067 1824 in
1089 1784 1165 1824 hoc
1194 1785 1354 1834 animis,
1386 1799 1434 1824 ne
1458 1786 1558 1838 quis-

262 1861 403 1900 quam,
434 1846 500 1885 nisi
528 1846 592 1896 qui
617 1847 665 1885 de
689 1847 863 1887 factione
892 1846 1048 1886 illorum
1075 1846 1189 1894 effet,
1218 1855 1418 1886 crearetur.

319 1909 435 1955 XIII..
456 1909 650 1960 Praecipue
682 1910 820 1949 referre
851 1910 1152 1957 arbitrabantur,
1177 1911 1364 1949 Catonem
1396 1911 1527 1961 repelli
1541 1924 1556 1963 ‚·

263 1972 330 2022 qui
367 1972 550 2022 providus
588 1972 706 2011 futuri
753 1982 956 2023 praeturam
992 1974 1149 2024 petebat
1172 2003 1184 2022 ,
1215 1983 1257 2012 ut
1288 1976 1553 2014 auctoritatem
1597 2021 1601 2023 ,

261 2035 505 2085 magistratus
518 2067 529 2085 ‚
547 2035 654 2075 velut
681 2048 808 2075 arcem
838 2036 1095 2075 defendendae
1115 2036 1306 2076 libertatis
1321 2067 1332 2085 ,
1348 2038 1555 2078 obtineret.

262 2097 387 2147 [igitur
422 2097 543 2137 multa
577 2108 712 2148 praeter
745 2111 893 2137 morem
923 2100 958 2137 Sc
983 2097 1185 2137 honestum
1212 2100 1421 2138 commenti
1447 2099 1554 2147 sunt,

265 2172 344 2209 quo
378 2168 456 2197 tam
489 2172 642 2208 gravem
673 2160 847 2199 futurum
883 2160 1138 2200 adversarium
1173 2160 1432 2200 amolirentur.
1465 2162 1553 2210 Jam

259 2222 432 2273 primum
456 2232 523 2272 per
540 2224 834 2273 infrequentiam
854 2223 1221 2262 senatusconsultum
1244 2225 1463 2264 faciendum
1487 2237 1551 2263 cu-

265 2293 467 2331 raverunt,
506 2286 558 2322 uti
583 2298 772 2336 prctrores,
803 2286 862 2337 qui
895 2288 999 2324 creati
1035 2286 1157 2338 qffi‘m,
1191 2287 1362 2339 extemplo
1398 2287 1553 2324 inirent.-

266 2359 503 2399 quamquam
528 2347 725 2386 sententiae
755 2348 864 2387 dic‘lzae
891 2358 1020 2395 erant,
1046 2361 1209 2402 praetores
1234 2350 1287 2387 ita
1311 2349 1418 2387 creari
1439 2349 1554 2402 place-

314 2468 335 2511 §
362 2466 422 2501 XI.
450 2465 538 2503 Plut.
559 2465 592 2500 in
620 2465 751 2501 Anton.
774 2478 803 2500 c.
823 2477 855 2510 3,
881 2465 953 2500 Cic.
976 2466 1014 2499 ad
1037 2465 1079 2509 Q.
1107 2465 1202 2502 fratr.
1227 2476 1244 2498 ἰ
1261 2490 1271 2507 ,
1293 2476 1325 2508 7.
1506 2467 1510 2484 ¹
