1675 2959
259 115 343 163 IN
393 113 553 161 roc,
595 109 736 157 ΗΒ.
787 107 918 156 cxii
966 109 1111 157 ων.
1248 118 1393 171 '4³3'

69 222 204 262 ueteris
234 222 270 262 se
305 222 554 270 abrumpens,
586 230 674 256 cum
700 216 747 256 ab
774 214 959 267 AEgyptiis
989 212 1350 265 circumveniretur,

67 285 336 336 impatientem
374 282 593 334 ignominiae
621 280 826 326 Caesarem,
857 278 980 318 aleam
1008 278 1133 326 jacere
1156 278 1350 327 coegisset.

124 347 268 387 LXIX.
283 346 432 386 Virtute
452 354 582 383 tamen
609 345 644 382 δε
662 341 818 380 scientia
839 340 1081 380 Rhodiorum
1094 369 1106 387 ,
1119 351 1237 389 penes
1254 352 1352 388 quos

68 410 135 450 diu
156 411 345 460 praecipua
366 409 439 448 fuit
461 409 514 448 rei
536 407 732 446 maritimae
752 404 893 456 gloria,
918 404 1033 452 vicit3
1055 401 1258 452 multisque
1284 401 1353 440 ho-

0 478 1 518 }
67 471 181 510 stium
208 471 441 519 interfeffis,
463 480 593 520 captas
615 468 762 518 aliquot
783 479 898 506 naves
922 463 1092 504 remulco
1114 465 1230 503 traxit
1245 461 1354 502 Alex-

0 530 1 570 i
66 531 258 570 andriam.
288 531 474 581 Magnam
497 542 540 568 ea
562 541 620 567 res
651 527 954 577 desperationem
983 524 1169 575 AEgyptiis
1197 521 1351 569 attulit,

69 591 175 640 quod
199 593 277 640 jam
304 591 379 629 sine
403 590 541 629 robore
567 588 735 628 Romani
755 586 910 634 militis,
926 584 1196 623 tantummodo
1222 595 1241 622 a
1264 581 1356 620 clas.

67 652 183 692 siariis
218 652 335 692 ess'ent
361 651 537 702 superati.
580 650 699 701 Igitur
732 651 811 698 jam
837 648 977 696 etiam,
1007 660 1056 686 ne
1083 659 1105 686 a
1133 641 1246 685 claffe
1276 644 1354 684 Cae·

0 710 1 722 ¹
67 713 155 753 saris
178 715 368 764 oppidum
392 725 526 751 eorum
552 720 861 762 oppugnaretur,
878 710 1012 758 veriti,
1032 721 1074 747 os
1099 716 1256 759 portus,
1274 706 1358 756 spa-

66 774 123 812 tio
147 774 195 812 ad
217 773 490 823 egrediendum
516 770 647 810 relicto
678 781 757 807 non
780 781 920 818 magno
937 797 948 816 ‚
975 768 1238 806 obstruxerunt
1261 767 1356 816 inje-

69 835 131 875 ἂο
157 847 304 885 aggere.
342 835 477 884 Neque
506 841 636 872 tamen
664 830 841 886 homines
874 829 965 868 mari
992 828 1151 877 affueti,
1188 829 1254 868 diu
1289 828 1354 867 ab·

0 881 1 902 i
66 893 203 934 stinere
230 901 450 943 potuerunt.
485 896 520 933 ἀ
546 905 777 943 quamquam
807 891 918 941 supra
945 898 1100 929 centuni
1128 890 1263 927 decem
1289 901 1354 926 na-

66 968 134 995 ves
165 954 386 1003 amiserant,
416 954 522 994 haud
547 954 750 994 difficulter
772 951 933 1003 reparari
963 949 1067 1000 poffe
1094 948 1244 987 classem
1266 948 1358 988 refi-

69 1017 218 1055 ciendis
250 1015 443 1055 veteribus
479 1016 664 1063 navibus,
691 1017 726 1055 &
752 1013 961 1064 cogendis,
983 1023 1065 1057 quae
1089 1010 1138 1049 ad
1169 1010 1358 1059 exigenda

68 1078 243 1124 portoria
270 1088 336 1124 per
361 1073 492 1113 onmia
522 1073 612 1111 ostia
643 1076 721 1110 Nili
748 1079 856 1107 erant
884 1067 1092 1118 dispositae,
1121 1068 1315 1106 rebantur.

125 1133 252 1174 LXX.
292 1134 429 1183 Neque
460 1135 682 1183 conjee‘tura
714 1130 794 1171 falfi
820 1133 954 1182 paucis
985 1130 1122 1169 diebus
1160 1130 1362 1179 quadrae-s

69 1208 152 1235 mes
179 1195 272 1234 duas
310 1197 344 1235 ἅ
374 1197 539 1246 viginti,
565 1196 853 1246 quinqueremes
882 1194 1052 1244 quinque
1083 1192 1358 1232 confecerunt:

71 1269 164 1307 quas
189 1256 287 1295 intra
303 1264 457 1306 portum
481 1257 640 1306 remigio
661 1255 866 1306 periclitati
881 1285 892 1303 ,
910 1267 998 1293 cum
1019 1252 1230 1292 minoribus
1253 1266 1359 1303 aper-

68 1316 195 1368 tisque
225 1317 385 1355 navibus
415 1316 546 1355 multis
578 1315 828 1367 repleverunt.
869 1315 972 1355 Huic
998 1322 1136 1364 paratae
1166 1314 1216 1353 ad
1244 1314 1361 1353 dimi-

72 1378 242 1418 candum
271 1376 372 1415 claffi
401 1376 521 1416 Caesar
549 1388 637 1415 cum
663 1375 966 1426 quadriremibus
993 1375 1155 1422 decem,
1174 1374 1359 1425 quinque.

68 1439 240 1479 remibus
264 1437 428 1476 totidem
446 1465 457 1485 ,
480 1446 575 1488 quot
594 1437 718 1475 hostes
735 1436 954 1484 habebant,
980 1435 1266 1485 minoribusque
1290 1449 1357 1475 naa

69 1500 183 1540 vibus
206 1499 472 1550 undeviginti,
504 1498 655 1539 Pharon
684 1500 961 1537 circumveetus
986 1497 1024 1537 se
1052 1496 1242 1548 opposuit.
1283 1499 1379 1536 An-.

24 1580 26 1582 ’
72 1562 197 1613 gustus
226 1562 323 1600 inter
356 1559 536 1609 utrosque
560 1573 626 1610 per
653 1561 748 1599 vada
776 1560 948 1598 transitus
977 1567 1078 1608 erat,
1109 1561 1143 1599 ἃ
1167 1559 1230 1609 qui
1255 1559 1358 1609 prior

71 1622 356 1674 ingrederetur,
387 1623 430 1660 in
452 1620 583 1660 locum
610 1621 783 1671 iniquum
808 1620 844 1659 se
869 1628 949 1659 erat
985 1619 1219 1659 deniiffurus.
1261 1619 1360 1659 Cum

74 1686 254 1734 utrinque
281 1685 549 1722 cunetarentur
568 1714 579 1732 ,
611 1683 810 1733 praefec‘tus
839 1682 1004 1723 Rhodiae
1035 1681 1156 1721 classis
1187 1682 1360 1733 Euphra-

70 1759 167 1793 nor,
185 1745 239 1785 vir
256 1744 383 1783 animo
401 1746 437 1784 ἃ
458 1743 615 1783 scientia
639 1746 841 1784 maritimae
860 1744 911 1783 rei
936 1742 1032 1783 nulli
1048 1743 1359 1795 postponendus,

71 1808 210 1859 recipit
230 1806 363 1848 Caesari
378 1838 389 1855 ,
410 1809 452 1860 fi·
474 1807 680 1860 progrfftm
697 1806 810 1860 facile
834 1819 1040 1845 moraturum
1057 1805 1118 1858 ‘ffi'
1139 1805 1358 1844 Alexandri.

70 1887 160 1920 nos,
194 1873 302 1909 donec
329 1870 519 1923 fitbsecutae
548 1882 661 1907 ceterae
688 1884 798 1908 naves
828 1869 1001 1920 explicare
1027 1870 1134 1907 aciem
1159 1868 1304 1921 poffent.

126 1934 272 1974 LXXI.
302 1934 384 1974 Nec
419 1931 527 1983 piura
552 1931 722 1982 promisit
754 1930 844 1979 ille,
867 1943 982 1981 quam
1008 1930 1198 1981 praestitit.-
1226 1930 1363 1969 Sciens

70 1996 203 2046 tiaque
234 1994 499 2042 Rhodiorum,
529 1996 563 2033 Sc
587 1994 726 2032 virtute
750 1992 911 2041 militis,
932 2005 1022 2033 cum
1045 2005 1116 2043 pro
1143 1990 1263 2030 salute
1297 1990 1362 2030 sua

73 2060 110 2098 ἃ
127 2070 260 2096 eorum
283 2057 418 2103 etiam,
446 2055 511 2106 qui
533 2054 653 2094 reliCti
676 2055 718 2093 in
743 2055 886 2105 oppido
913 2062 1048 2101 erant,
1081 2054 1174 2094 sicut
1202 2056 1361 2093 nomine

74 2118 285 2165 Romano,
312 2120 347 2157 δε
378 2117 514 2156 ultima
550 2116 767 2156 necessitate
805 2117 965 2168 dignum
1000 2125 1102 2165 erat,
1137 2115 1362 2163 dimicaret:‚

72 2180 349 2228 Alexandrini,
390 2179 483 2218 licet
515 2191 676 2218 numero
720 2179 874 2218 navium
919 2178 1197 2228 hominumque
1234 2177 1359 2216 inulto

72 2241 304 2292 superiores,
327 2241 416 2280 vieti
440 2240 538 2280 sunt.
562 2253 702 2290 paucas
724 2249 852 2280 tamen
877 2240 1082 2281 amiserunt
1108 2252 1222 2279 naves
1237 2269 1249 2284 ,
1273 2252 1360 2289 pro=

74 2310 160 2354 pter
191 2303 452 2353 propinquum
481 2302 724 2353 perfugium,
754 2305 791 2344 δε
816 2304 907 2355 quia
935 2316 982 2343 ex
1009 2302 1177 2344 molibus
1207 2303 1243 2343 ὃς
1271 2300 1362 2342 aedii

123 2411 149 2457 5
174 2410 293 2447 LXIX.
314 2409 458 2445 Diodor.
480 2412 504 2447 l.
526 2419 582 2453 47.
605 2410 697 2472 Hit}
