1675 2959
306 157 390 213 1N
426 117 784 204 Locsmss.
817 156 928 204 cix
971 158 1122 205 riv,
1291 177 1377 224 311

94 260 133 303 fe
161 263 364 302 convenire
388 262 591 304 maluisset.
625 269 665 302 at
690 263 874 313 quoniam
902 262 946 303 id
966 270 1121 314 propter
1140 263 1381 314 vigilantiam

96 333 210 375 atque
237 326 472 364 celeritatem
504 324 704 365 adversarii
737 325 950 375 nequibat,
987 327 1278 376 quatuordecim
1310 333 1399 366 cos'

93 385 223 425 horres
243 399 290 426 ex
312 386 459 426 duabus
478 386 551 426 illis
574 387 792 438 legionibus
816 396 1058 427 contraxerat
1079 387 1278 428 Luceriam
1294 418 1306 436 ‚
1331 401 1383 428 eo.

94 447 270 496 confilio,
293 455 353 496 ut,
373 448 397 487 fi
424 449 580 499 propius
605 450 807 489 accederet
835 448 978 497 Caesar,
1010 448 1158 488 Italiam
1191 448 1378 499 relinque-

90 516 177 556 ret,
201 517 242 548 ut
264 509 379 560 paulo
404 512 487 561 post
509 512 654 550 faetum
675 511 738 550 est.
765 512 840 551 Sed
861 520 1048 562 accepto,
1072 511 1289 551 Domitium
1313 511 1385 550 ob-

87 569 224 620 sideri,
256 571 328 610 sive
354 571 588 611 diffimulans
609 580 780 612 mentem
806 573 938 621 suam,
971 573 1044 612 five
1066 583 1222 624 putans,
1248 581 1306 612 tot
1339 575 1377 613 ὃς

92 632 188 672 tales
213 634 312 673 viros
337 633 457 674 deseri
481 648 559 677 non
583 643 788 685 oportere,
825 633 953 674 scribit
977 636 1026 675 ad
1056 635 1263 676 Lentulum
1288 647 1380 674 con-

93 691 241 741 sulem,
275 696 406 745 magni
433 694 609 734 intereffe
640 695 885 745 reipublicae,
920 708 1057 734 omnes
1090 697 1221 745 copias
1253 696 1385 745 primo.

95 768 250 805 quoque
272 766 446 807 tempore
467 757 507 795 in
528 770 647 795 unum
668 757 798 797 locum
821 758 1036 796 convenire.
1061 757 1165 807 quod
1190 757 1236 796 ab
1256 756 1384 795 omni-

96 817 166 857 bus
191 819 240 857 ita
264 819 314 858 est
337 827 564 869 acceptum,
592 832 688 858 cum.
709 819 887 859 universis
911 819 1051 860 viribus
1076 820 1302 871 Pompejum
1326 817 1382 859 ad

97 877 306 919 Corfinium
333 881 465 920 venire
491 880 744 921 constituisse..

168 942 271 982 LXI.
312 943 397 984 Hac
437 943 619 993 opinione
649 942 840 993 paulisper
865 944 1024 982 recreati
1054 941 1140 982 sunt
1171 941 1384 982 hominum

96 1003 240 1050 animi,
271 1004 518 1053 nuntiataque
545 1003 710 1043 Domitii
735 1005 972 1053 constantia,
1001 1004 1066 1055 qui
1089 1003 1177 1042 sane
1201 1003 1286 1042 suos
1314 1016 1382 1041 co·
1442 1023 1444 1025 >

92 1064 294 1114 hortatus,
330 1074 521 1105 tormenta
547 1065 778 1117 disposuerat
803 1068 844 1106 in
879 1067 1021 1114 muris,
1053 1068 1087 1106 δε
1123 1074 1249 1108 cetera
1287 1074 1380 1105 tan-

93 1139 209 1177 quam
234 1128 282 1166 ad
303 1127 543 1168 tolerandam
573 1128 814 1168 obsidionem
840 1127 1135 1168 administrabat.
1160 1127 1307 1174 Etiam,
1332 1134 1378 1165 ut.

93 1191 305 1240 promtiore
322 1191 489 1232 exercitu
506 1199 675 1229 uteretur
687 1220 698 1237 ‚
717 1188 905 1229 militibus
921 1198 1103 1239 quaterna
1119 1189 1252 1237 jugera
1273 1188 1380 1237 agri,

94 1252 471 1304 centurionibusque¹
488 1256 523 1294 δι
551 1254 719 1294 evocatis
749 1266 818 1303 pro
839 1261 918 1291 rata
940 1259 1047 1301 parte
1065 1249 1304 1300 ‘promiserat
1328 1261 1380 1289 ex

93 1311 170 1352 suis
194 1313 497 1363 poffeffionibus.
534 1327 623 1354 nam
654 1314 852 1353 occasione
874 1312 1121 1354 Sullanorum
1154 1320 1381 1361 temporum

93 1375 144 1415 ad
170 1376 354 1415 maximas
376 1390 469 1427 opes
496 1384 734 1427 pervenerat.
763 1375 839 1416 Sed
867 1374 1008 1414 accidit
1041 1374 1097 1422 ei,
1135 1373 1239 1423 quod
1276 1373 1380 1411 futu-

95 1449 182 1477 rum
210 1437 413 1488 pompejus
442 1439 478 1477 ei
505 1437 723 1488 scripserat,
760 1446 803 1476 ut
841 1449 912 1475 nec
944 1435 1124 1486 expedire
1158 1433 1278 1485 posset
1306 1445 1381 1472 co-

93 1495 175 1547 pias
187 1528 197 1545 ,
215 1497 336 1536 tribus
363 1499 405 1538 iu
419 1498 577 1549 oppidis
593 1497 826 1544 distributas,
842 1497 1019 1551 (partem
1041 1497 1142 1535 enim
1156 1494 1279 1543 Albae,
1295 1506 1384 1544 par-

93 1559 376 1599 temSulmone-
392 1560 681 1615 collocaverat)
713 1572 785 1599 nec
813 1571 902 1598 cum
921 1560 989 1609 iis,
1013 1571 1105 1610 quas
1131 1557 1300 1598 habebat
1325 1556 1388 1597 se«

96 1631 186 1661 cum
200 1652 214 1668 ‚
241 1621 329 1661 satis
351 1623 483 1662 firmus
506 1624 554 1662 ad
577 1623 822 1662 resistendum
850 1621 953 1662 effer.

152 1691 275 1732 LXII.
305 1692 406 1732 Nam
428 1692 723 1742 Sulmonenses,
749 1691 861 1732 miffu
889 1691 1043 1732 Caesaris
1065 1690 1235 1731 venienti
1262 1690 1383 1729 Anto-

99 1750 165 1794 nio
195 1762 424 1803 aperuerunt
448 1764 599 1805 portas,
631 1755 870 1805 universique
900 1756 937 1795 &
962 1753 1146 1805 oppidani
1177 1755 1213 1792 ἃ
1243 1751 1397 1791 ιιιὶΙὶῐῑεελ

99 1812 278 1868 (septem
308 1815 363 1854 ibi
396 1816 574 1857 cohortes
602 1817 796 1857 Domitius
831 1816 1108 1864 collocaverat,
1140 1827 1230 1854 cum
1268 1815 1390 1854 Anto÷

101 1875 189 1915 nius
215 1878 389 1927 quinque
406 1886 556 1923 tantum
579 1878 818 1927 adduceret)
843 1878 998 1918 obviam
1023 1876 1256 1929 gratulantes
1287 1875 1388 1914 exie-

100 1946 202 1976 runt.
232 1938 281 1986 Q
305 1939 501 1978 Lucretius
526 1939 676 1979 senator
707 1942 743 1980 Sc
775 1939 818 1980 C.
842 1940 966 1980 Attius
991 1937 1168 1990 Pelignus
1184 1967 1194 1985 ‚
1216 1935 1291 1988 ‘qui
1317 1949 1390 1986 op-

100 1998 234 2047 pidum
259 2001 433 2050 praefidio
460 2010 687 2051 tenuerant,
716 2002 764 2041 de
787 2001 961 2042 murose
989 2002 1222 2050 dejecerunt.
1247 1999 1388 2039 Lucre..

101 2058 176 2097 tius
204 2060 350 2111 effugit.
381 2062 505 2101 Attius
533 2062 579 2102 ab
603 2063 772 2102 Antonio
807 2063 995 2102 deduc't-us
1024 2064 1074 2102 ad
1110 2061 1319 2108 Caesarem,
1349 2061 1393 2102 δι’,

104 2118 158 2158 ab
177 2132 223 2159 eo
249 2121 455 2161 incolumis
481 2121 652 2162 dimiffus
682 2123 745 2162 est.
784 2123 1018 2174 Pompejani‘
1036 2123 1229 2173 proditam
1255 2120 1303 2160 ab
1333 2132 1395 2160 eo2

48 2185 55 2189 ”
100 2180 211 2221 fuiffe
232 2182 458 2223 Sulmonem
485 2184 741 2225 crediderunt.
767 2184 910 2232 Caesar,
941 2196 1031 2223 cum
1058 2186 1094 2224 δε
1119 2182 1198 2222 illis
1222 2181 1395 2221 cohorti·

105 2241 175 2282 bus
209 2245 355 2286 auctior
389 2244 502 2295 effet,
537 2247 572 2286 δε
608 2246 657 2287 ad
690 2259 780 2286 eum
809 2246 912 2298 legio
947 2249 1110 2294 oetam,
1138 2244 1405 2295 cohortesque,-

129 2366 176 2454 ὃς
204 2367 273 2401 Lx.
293 2368 441 2412 Appian.
463 2369 556 2406 civil.
581 2371 606 2406 i.
630 2381 662 2405 2.
689 2369 761 2404 Cic.
785 2368 889 2403 Oros.
912 2369 950 2410 6,
976 2378 1029 2410 15.
1055 2365 1139 2400 Caefi
1161 2366 1180 2408 5
1206 2364 1294 2397 LXI.
1317 2363 1406 2405 Cic:²⁵

108 2432 129 2454 a
173 2421 277 2458 Attic.
307 2423 350 2464 S,
377 2433 414 2454 ιο

398 2445 429 2465 J·

1037 2475 1079 2514 V
1108 2490 1141 2531 4
