1675 2959
338 139 431 201 398
499 136 1527 186 JO.FRE1NSHEM118UPPLEM.

404 245 556 287 XXIV.
600 246 704 286 Tum
731 257 822 283 vero
851 246 886 283 ἅ
922 243 1073 282 Gnidiis
1101 245 1328 283 immunitas
1356 243 1443 283 data
1470 252 1625 294 propter

335 309 661 361 Theopompum,
693 307 756 357 qui
786 307 884 344 inter
911 306 1063 345 Graecos
1091 308 1237 346 amicos
1263 308 1455 357 praecipue
1485 307 1624 357 gratio-

335 372 398 413 sus
425 374 623 422 &potens
652 370 755 420 apud
785 367 971 407 Caesarem
997 378 1088 408 erat.
1122 370 1197 409 Sed
1231 369 1351 409 Caesar
1378 371 1511 420 paucis
1544 370 1627 409 die-

335 434 410 474 bus
428 423 469 472 in
489 432 570 472 Afia
595 438 787 477 moratus,
811 432 965 479 jamque
988 429 1114 468 minus
1139 430 1320 470 dubitans
1348 432 1388 470 in
1411 431 1626 482 AEgyptum

337 496 406 537 iffe
433 493 689 543 Pompejum,
714 491 818 542 quod
844 491 959 544 Cypri
986 490 1108 530 visum
1131 489 1204 528 effe
1227 503 1488 541 cognoverat,
1517 491 1626 532 Rho-

337 560 432 598 dum
453 556 669 605 navigavit,
695 556 732 594 Sc
751 553 940 602 collectis,
965 562 1059 604 quot
1083 553 1209 592 subito
1236 562 1436 603 poterant,
1463 554 1626 594 navibus

337 617 523 667 virisque,
543 629 633 654 cum
656 615 848 665 equitibus
868 615 1123 665 octingentis,
1145 614 1368 665 duabusque
1388 616 1624 666 legionibus,

338 692 440 726 una,
464 691 579 728 quarn
604 676 708 726 sequi
733 689 779 715 ex
801 675 995 716 Theffalia
1015 675 1189 724 jusserat,
1212 675 1352 723 altera,
1379 687 1493 726 quarn
1517 690 1538 715 a
1555 677 1629 717 fu-

339 742 392 781 fio
413 741 539 790 legato
556 747 783 779 evocaverat
799 751 848 777 ex
867 738 1033 786 Achaja,
1058 738 1296 788 navibusque
1320 738 1445 791 longis
1467 739 1630 779 Rhodiis

341 804 504 852 decem,
528 801 701 842 Asiaticis
731 802 886 851 paucis,
915 799 984 838 sub
1013 801 1170 838 nonem
1199 800 1290 838 inde
1322 800 1457 850 solvit,
1486 801 1629 851 ignaris

338 865 500 914 ceteris,
526 877 602 914 quo
634 863 822 903 tenderet.
868 861 934 901 sed
968 861 1241 913 gubernatores
1278 863 1426 901 interdiu
1457 863 1631 901 vexillum

335 928 506 983 praetoriae
529 927 661 975 navis,
687 928 786 964 710qu
816 925 974 963 Pharum
997 924 1098 977 sequi
1132 922 1297 972 jusserat.

398 990 528 1031 XXV.
551 989 612 1029 Sic
632 987 745 1027 tertio
771 987 854 1038 post
879 987 943 1026 die
962 985 1236 1025 Alexandriam
1260 987 1446 1036 pervenit.
1488 986 1562 1026 Sed
1587 987 1632 1026 ia

337 1051 400 1091 his
432 1050 652 1102 legionibus
688 1050 758 1088 tria
793 1048 913 1087 millia
947 1048 1104 1087 ducenti
1146 1048 1250 1087 haud
1288 1048 1453 1099 amplius
1489 1048 1633 1087 milites

342 1122 463 1154 erant.
509 1113 676 1163 reliquos
714 1111 869 1151 vulnera
910 1110 1121 1161 laborque,
1152 1110 1393 1150 festinantem
1425 1112 1635 1161 imperato-

339 1189 424 1217 rem
451 1175 632 1225 consequi
657 1182 867 1213 vetuerant.
893 1173 969 1213 Sed
990 1171 1137 1220 Caesari,
1159 1174 1279 1212 animi
1303 1174 1568 1224 magnitudine
1595 1175 1634 1213 Sc

339 1239 446 1279 fama
474 1249 601 1276 rerum
633 1235 820 1287 gestarum
848 1235 992 1284 fretus,
1034 1247 1190 1273 omnem
1224 1235 1292 1274 fibi
1321 1235 1451 1275 locum
1469 1267 1479 1283 ‚
1512 1248 1631 1286 quan-

340 1300 526 1341 tumlibet
547 1299 706 1338 infirmis
725 1299 929 1350 praesidiis,
943 1308 1069 1337 tutum
1088 1298 1171 1337 fore
1192 1299 1442 1337 existimabat.
1466 1298 1634 1346 Tamen,

343 1365 434 1414 quia
455 1362 734 1403 tumultuantes
763 1362 906 1401 recenti
929 1365 1062 1400 ‘morte
1087 1360 1261 1411 Pompeji
1281 1360 1557 1401 Alexandrinos
1573 1374 1636 1399 re-

343 1437 518 1479 pererat,
540 1426 682 1464 veritus
707 1424 808 1464 litori
833 1423 870 1463 se
899 1424 1079 1470 credere,
1101 1436 1262 1463 ancoras
1286 1425 1404 1473 jecit:
1431 1425 1555 1463 donec
1582 1424 1634 1464 ad

342 1502 435 1528 eum
468 1488 697 1529 Theodotus
725 1488 857 1533 venit,
878 1496 995 1537 caput
1023 1489 1058 1526 ἃ
1089 1485 1272 1525 annulum
1303 1487 1475 1537 Pompeji
1500 1486 1635 1540 (ensi-

341 1553 401 1593 fer
425 1551 488 1591 leo
519 1550 732 1602 insculptus
762 1559 864 1597 erat,
900 1560 942 1589 ut
981 1547 1205 1589 Plutarchus
1245 1548 1424 1598 tradidit3
1465 1558 1507 1587 ut
1534 1548 1633 1596 Dio,

343 1618 419 1656 tria
443 1616 616 1666 tropaea)
649 1625 831 1664 tanquam
855 1612 947 1652 fidei
979 1612 1115 1662 pignus
1146 1609 1323 1650 offerens.

398 1678 548 1720 XXVI.
576 1677 637 1717 Ibi
657 1677 839 1729 Caefiaerem‚
853 1676 974 1728 agnito
997 1676 1111 1728 generi
1131 1674 1262 1726 capite,
1281 1672 1416 1726 flewff}
1438 1673 1633 1722 referunt,

344 1742 609 1793 aversatum-que
628 1750 824 1792 portantem
852 1737 914 1789 effe
926 1753 943 1785 ,·
964 1736 1112 1790 perfima
1137 1738 1305 1774 maerentis
1331 1736 1498 1789 affirma,
1514 1751 1637 1789 quam.

344 1817 448 1856 quam
479 1802 599 1841 intime
627 1803 777 1854 gaudere
815 1812 918 1838 morte
953 1799 1066 1837 aemuli
1085 1811 1278 1852 putaretur.
1309 1798 1470 1848 Reliqua
1503 1809 1636 1838 tamen

346 1866 431 1913 ejus
454 1862 708 1902 mansuetudo
746 1860 861 1900 facile
889 1860 1081 1908 declarat,
1107 1872 1212 1899 veras
1242 1859 1346 1907 illas,
1375 1873 1453 1898 non
1484 1858 1638 1897 simula-

349 1934 434 1972 tas,
459 1924 635 1964 lacrimas
663 1922 784 1963 fuiffe.
827 1923 1007 1972 Princeps
1038 1922 1140 1961 enim
1169 1923 1343 1961 omnium
1380 1922 1454 1961 effe
1482 1921 1638 1960 volebat

346 1997 477 2038 certe3
499 2000 573 2028 nec
601 1987 811 2039 excogitari
836 1986 1072 2026 necessitudo
1098 1986 1174 2025 ulla
1197 1986 1339 2037 poffet,
1377 1999 1491 2036 quam
1513 1985 1636 2024 isthoc

348 2051 476 2103 pretio
500 2050 696 2102 proposito
734 2050 955 2090 violandam
989 2049 1063 2089 effe
1089 2064 1166 2089 non
1194 2050 1444 2089 existimaret:
1466 2048 1529 2087 sed
1559 2048 1637 2087 hoc

348 2111 540 2160 dedisses,
565 2122 648 2152 erat
677 2111 880 2151 hominum
907 2114 1082 2152 omnium
1116 2112 1356 2159 mitiffimus,
1386 2114 1422 2150 δε
1451 2110 1514 2160 qui
1548 2122 1637 2148 am-

349 2174 561 2227 plifflmum
604 2187 798 2224 quemque
831 2174 1073 2224 cupidissime
1102 2174 1281 2219 servaret,
1308 2183 1415 2211 tanto
1448 2174 1635 2220 majorem

352 2236 514 2288 gloriam
542 2235 646 2274 suam
675 2237 843 2275 futuram
881 2247 1003 2283 ratus,
1031 2246 1173 2287 quanto
1199 2237 1433 2286 potentiores
1459 2235 1634 2274 nobilio-

349 2299 483 2351 resque
499 2300 570 2339 viri
592 2298 659 2338 suo
684 2298 873 2338 beneficio
896 2299 1079 2339 viverent.
1103 2300 1345 2349 Quocunque
1365 2298 1514 2344 animo,
1540 2295 1624 2335 vul-

398 2424 419 2467 ξ
447 2424 574 2457 XXIV.
605 2423 693 2456 Plut.
714 2424 798 2456 Caes.
829 2425 937 2460 Sti-ab.
961 2425 1109 2470 Appian.
1151 2424 1173 2470 5
1201 2424 1314 2462 XXV.
1345 2422 1429 2459 Caes.
1451 2422 1530 2457 Dio.
1558 2421 1638 2456 Liv-

355 2467 448 2515 Epit.
468 2469 557 2504 l'lut.
575 2469 613 2503 in
636 2469 751 2515 Bomp.
771 2481 800 2504 c.
819 2479 876 2515 32.
