1675 2959
349 144 441 211 384
505 145 599 191 JO.
635 143 1138 190 FREINSHEMII
1179 143 1533 190 SUPPLEM.

353 247 619 293 nantiCae'sari
632 251 794 304 finarum
817 251 1034 300 receperat,
1053 263 1092 288 ut
1104 249 1143 302 se
1168 262 1232 289 aut
1246 251 1367 289 vivum
1389 251 1548 288 laudaret
1563 249 1627 286 im·

345 326 504 369 perator,
531 325 595 351 aut
620 324 798 350 mortuum.
825 312 1000 360 Spatium
1021 323 1102 351 erat
1124 313 1222 351 inter
1243 314 1336 352 duas
1364 313 1464 351 acies
1479 344 1491 358 ,
1521 309 1627 361 quod

346 378 529 425 utrinque
548 374 735 413 sufficeret
766 372 1026 421 concursuri83
1045 373 1111 419 sed
1131 374 1286 416 consilio
1310 376 1352 415 C.
1365 375 1503 415 Triarii
1515 374 1628 413 Pom-

288 436 291 440 ’
344 441 456 490 pejus
478 438 661 475 immotos
684 436 813 489 tenuit,
832 434 941 483 suos;
963 448 1044 474 rem
1066 437 1227 475 minime
1242 436 1442 487 probatam
1468 435 1627 484 Caesari‚

345 502 408 552 qui
424 502 517 537 vires
531 498 813 550 alacritatemque
829 497 978 535 militum
1006 499 1112 535 valde
1131 498 1272 536 incitari
1293 500 1392 551 curfic
1411 498 1625 549 judicabat.

399 558 533 602 LXVI.
554 560 603 598 At
619 557 762 607 Juliani
789 566 961 608 coeptum
984 557 1157 608 cursum,
1178 560 1373 610 postquam
1393 560 1627 600 adversarios

344 624 438 663 stare
455 621 651 667 viderunt,
668 632 871 669 parumper
886 620 1188 659 intermiserunt:
1215 620 1356 659 deinde
1378 622 1515 660 iterum
1537 632 1629 658 con·
1667 660 1670 663 ,

342 684 451 724 citati
485 681 563 733 pila
581 681 762 720 miserunt
783 681 822 719 in
844 681 1014 726 hostem,
1035 681 1259 732 gladiosque
1280 682 1452 721 celeriter
1472 682 1628 721 strinxe-

343 753 446 785 runt.
467 744 577 784 Idem
593 744 629 782 ὃς
644 755 665 781 a
686 741 929 792 Pompeianis
949 742 1114 781 facturn:
1141 743 1358 792 eodemque
1373 752 1545 792 tempore
1560 740 1631 780 ho-

344 820 427 846 rum
446 805 591 856 equites
605 806 640 844 ἃ
660 803 760 842 levia
784 813 887 842 arma
912 803 1063 842 Caesaris
1091 803 1266 864 dextrum
1291 816 1409 843 cornu
1427 811 1628 853 coeperunt

280 877 282 880 ’
341 868 547 919 impellere
561 899 572 915 ‚
589 867 677 917 quia
698 866 863 915 Juliani,
877 874 935 905 tot
950 866 1122 916 partibus
1145 867 1343 916 pauciores
1357 898 1369 915 ‚
1381 875 1526 905 tantam
1542 879 1631 916 pro-

346 929 486 969 cellam
512 928 688 968 sustinere
716 941 795 966 non
823 937 1011 977 poterant.
1042 927 1161 976 Igitur
1187 938 1360 977 quartam
1381 927 1486 966 fuam
1507 926 1630 965 aciem

344 992 490 1032 excitat
515 990 658 1039 Caesar3
686 1003 804 1040 eaque
824 999 904 1029 tam
920 990 1189 1029 vehementem
1216 990 1308 1028 facit
1333 992 1375 1028 in
1394 989 1532 1028 effusos
1559 988 1631 1027 im·-

344 1062 481 1106 petum
496 1084 507 1101 ,
522 1062 565 1093 ut
579 1053 751 1103 protinus
779 1061 884 1102 terga
906 1059 1094 1091 verterent
1109 1051 1329 1101 Pompejani
1351 1053 1506 1101 equites.
1527 1051 1630 1090 Nam

343 1128 393 1156 ex
419 1125 609 1165 praecepto
638 1112 794 1153 Caesaris
821 1125 885 1151 ora
913 1111 1078 1151 hostium
1105 1112 1312 1162 oculosque
1338 1125 1472 1162 petens
1494 1111 1629 1159 miles,

344 1178 476 1218 aversa
503 1177 603 1216 facie
632 1177 769 1215 cedere
795 1176 935 1225 coegit.
957 1177 992 1214 δε
1018 1175 1081 1212 hoc
1103 1174 1157 1212 ita
1175 1175 1334 1227 fixurum
1360 1174 1506 1223 Caestrr,
1529 1187 1632 1227 atque

342 1241 426 1280 hinc
440 1241 579 1279 initium
586 1238 850 1290 forevifloriae‚
870 1250 938 1286 pro
952 1236 1100 1275 summo
1113 1267 1123 1284 ‚
1139 1249 1253 1286 quem
1272 1236 1440 1276 habebat
1453 1268 1464 1282 ,
1486 1238 1538 1275 rei
1558 1236 1631 1275 mi·

339 1303 456 1342 litatis
473 1301 542 1340 usu
555 1331 566 1349 ,
581 1300 819 1351 praedixerat.
850 1298 1078 1338 Funditores
1095 1301 1131 1338 Sc
1151 1298 1362 1349 sagittarii,
1385 1299 1431 1338 ab
1451 1299 1626 1349 equitatu

345 1360 539 1411 destituti,
571 1361 768 1411 extemplo
807 1361 1058 1400 circumventi
1081 1361 1238 1411 caelique
1268 1361 1366 1400 sunt.
1399 1362 1629 1411 pompejus,

334 1430 444 1469 -victa
469 1436 577 1478 parte
593 1425 745 1465 suorum
761 1455 773 1472 ,
795 1426 837 1463 in
860 1437 933 1474 qua
950 1424 1157 1474 plurimum
1179 1425 1330 1463 fiduciae
1351 1423 1633 1470 collocaverat,

343 1491 529 1531 damnare
550 1490 632 1540 spes
650 1488 731 1527 suas
751 1489 873 1538 coepit
889 1519 901 1534 ,
927 1488 1083 1537 acieque
1102 1486 1232 1526 reliCta
1252 1487 1392 1536 fugere.
1424 1486 1525 1525 Tum
1539 1496 1630 1524 vero

344 1551 445 1591 caelis
470 1549 657 1600 fugatisve
683 1548 870 1596 ducibus,
896 1547 994 1586 nulli
1013 1548 1067 1585 rei
1089 1556 1338 1596 praeterquam
1362 1545 1555 1584 turbando
1574 1544 1632 1582 in-

342 1614 469 1654 vicem
497 1613 637 1652 idonea
670 1611 869 1661 copiarum
903 1608 1159 1658 magnitudo,
1189 1608 1237 1646 ad
1265 1607 1478 1646 satietatem
1515 1606 1631 1647 hostis

342 1675 438 1716 caesa
456 1674 532 1723 est3
555 1674 680 1712 donec
695 1672 866 1710 misertus
883 1670 1026 1718 Caesar,
1045 1672 1143 1720 parci
1157 1670 1294 1708 civibus
1316 1669 1429 1718 juffit.
1457 1670 1542 1709 Hoc
1559 1682 1629 1707 lm·

342 1737 451 1791 perio
482 1748 548 1786 per
581 1734 737 1774 ordines
765 1731 943 1782 vulgato,
974 1730 1139 1779 milites,
1172 1731 1227 1769 uti
1261 1731 1326 1769 cui
1351 1732 1530 1771 Romano
1559 1743 1630 1769 oc·

343 1806 564 1846 currerant,
589 1798 680 1850 stare
695 1797 850 1849 securum
874 1792 1082 1844 jusserunt:
1110 1794 1150 1832 in
1178 1792 1317 1832 auxilia
1344 1802 1424 1832 tota
1457 1792 1545 1832 belli
1572 1793 1632 1835 ira.

341 1858 544 1905 incubuit,
572 1869 782 1907 eorumque
814 1858 948 1907 ingens
971 1855 1121 1895 concisa
1151 1855 1359 1894 multitudo
1384 1855 1446 1894 est.

400 1919 558 1961 LXVII.
592 1919 739 1967 Caesar,
766 1931 997 1969 quamquam
1031 1918 1211 1968 fatigatus
1241 1917 1378 1967 proelio
1403 1916 1512 1956 miles
1539 1916 1631 1955 aestu
1672 1942 1675 1947 ι

345 1995 501 2034 quoque
530 1982 824 2032 aggravabatur,
849 1980 968 2034 (nam
1004 1980 1051 2019 ad
1081 1979 1279 2018 meridiem
1310 1980 1475 2018 extracta
1500 1989 1629 2028 pugna

343 2046 456 2094 erat)
480 2054 609 2084 tamen
633 2045 845 2090 monendo,
859 2045 903 2083 ,πὶ
926 2044 1033 2093 casira
1051 2044 1193 2096 hostium
1219 2054 1481 2094 expugnentur,
1507 2042 1629 2079 imner-

334 2108 461 2161 ftflam
489 2109 664 2146 victoriam
693 2108 866 2160 relinqui,
889 2106 1082 2157 perpulit,
1116 2116 1158 2144 ut
1185 2106 1323 2144 eodem
1356 2105 1500 2154 impetu
1525 2102 1625 2141 vallo

347 2167 513 2208 hostium
540 2168 797 2208 succederent.
829 2181 917 2207 nam
938 2167 1047 2218 super
1072 2170 1338 2207 auctoritatem
1364 2166 1627 2215 imperatoris,

343 2233 385 2271 ,ἅ
400 2230 520 2270 elatos
541 2229 706 2268 succeffu
726 2231 898 2277 animos,
927 2230 1053 2279 praeda
1076 2230 1305 2276 castrorum,
1322 2239 1437 2277 quam
1461 2225 1629 2264 sciebant

346 2291 617 2343 amplillimam
653 2290 763 2340 fore,
801 2290 1119 2330 incendebantur.
1167 2288 1293 2328 Castra
1331 2287 1567 2338 aliquamdiu
1605 2299 1627 2341 a

397 2416 419 2460 ξ
445 2416 547 2449 LXV.
565 2417 711 2460 Appiam
737 2388 825 2448 Flor.
849 2413 933 2446 Caes.
955 2414 1043 2446 Plut.
1071 2414 1093 2457 ς
1123 2413 1241 2444 [ΧΥῙ.
1261 2411 1362 2448 Oros.
1390 2411 1433 2454 6,
1459 2422 1510 2453 15.
1535 2411 1628 2447 Flor-

351 2461 467 2501 Eront.
486 2463 583 2497 strat.
608 2473 649 2503 4,
664 2471 697 2502 7.
716 2458 800 2495 Caes.
822 2460 964 2495 Sueten.
983 2460 1019 2492 in
1043 2457 1128 2493 Caes.
1151 2469 1180 2493 c.
1204 2467 1260 2500 75·
