1675 2959
330 164 424 211 350
489 148 1550 205 JO.FRE1NSHEM115UPPLEM.·

328 254 427 294 Varo
447 254 485 294 se
501 255 743 295 dediderunt.
775 257 955 296 Ceterum
968 257 1177 312 Juba,fi1ae
1193 261 1342 299 vibloriae
1358 263 1503 314 praemia
1522 261 1610 300 alie..

323 331 371 355 no
396 319 538 356 arbitrio
564 320 674 356 minui
699 333 770 355 non
792 318 886 370 poffi
911 319 1116 368 dictitans,
1149 332 1328 372 magnam
1358 335 1492 362 eorum
1524 336 1610 373 par-

325 387 407 418 tem
437 379 657 426 interfecit,
682 389 828 418 ceteros
858 375 957 418 misit
986 380 1026 419 in
1054 394 1238 433 regnum,
1273 384 1406 424 frustra
1439 397 1608 436 conque-

321 450 432 480 rente
451 443 574 489 Varo,
597 444 700 494 fitam
714 443 821 492 fidem
844 444 889 480 ab
910 457 947 480 eo
970 444 1061 483 laedi.
1087 445 1163 485 Sed
1191 459 1279 486 eum
1304 448 1402 487 adeo
1428 462 1493 488 rex
1517 462 1610 487 con-

326 503 548 550 temnebat,
574 512 618 541 ut
640 503 678 541 in
709 504 895 554 oppidum
923 505 1117 555 invectus,
1151 507 1282 547 multis
1304 510 1440 560 populi
1467 505 1610 551 Roma-5.

324 567 364 604 ni
398 565 639 604 senatoribus
669 565 1010 615 prosequentibus,
1046 581 1129 618 quae
1155 568 1237 607 fieri
1263 570 1379 609 vellet
1403 573 1522 613 Uticae
1555 583 1611 612 at·

322 639 398 677 que
424 627 464 664 in
489 627 711 675 provincia,
740 641 810 677 pro
831 628 992 678 imperio
1015 629 1270 669 constitueret.
1298 632 1438 681 quibus
1464 634 1610 674 effectis

321 688 460 734 rebus,
493 687 609 736 paulo
638 688 721 737 post
747 701 836 728 cum
864 690 1046 729 omnibus
1076 692 1196 741 copiis
1229 693 1269 731 in
1296 705 1457 743 regnum
1482 697 1610 737 rediit.

320 752 419 791 Haec
441 749 638 800 postquam
659 751 698 788 in
717 750 874 798 urbem,
898 754 933 790 &
953 754 993 790 in
1008 753 1282 792 Macedoniam
1305 757 1480 795 nuntiata
1499 756 1608 807 sunt,

323 811 511 851 diversam
535 825 604 863 pro
626 812 850 852 dissensione
872 813 1090 854 animorum
1104 845 1115 864 ‚
1137 829 1158 855 a
1182 815 1364 857 Romanis
1388 811 1610 859 mercedem

322 874 422 925 Juba
447 876 549 915 tulit.

377 937 517 977 LXVI.
542 937 767 987 pompejus,
789 939 824 976 &
843 938 909 988 qui
934 950 1024 977 cum
1047 951 1094 977 eo
1121 947 1250 988 erant,
1275 939 1462 981 honorem
1488 943 1522 982 ei
1542 943 1609 983 ha-

321 997 511 1043 buerunt,
541 1009 748 1048 regemque
770 998 1036 1048 appellarunt:
1068 1008 1106 1038 at
1135 1000 1257 1039 Caesar
1281 1003 1316 1041 δι
1344 1002 1478 1042 urbani
1504 1006 1610 1052 judi·

321 1068 456 1099 carunt
473 1061 614 1112 hostem,
629 1060 871 1112 Bacchumque
897 1063 930 1099 ἐξ
945 1062 1146 1113 Bogudem,
1168 1063 1272 1112 quod
1297 1066 1380 1112 ejus
1406 1065 1524 1105 essent
1543 1067 1609 1106 ad.

317 1120 492 1167 versarii,
528 1135 622 1173 reges
642 1121 874 1173 appellandos
905 1121 968 1173 effe
996 1122 1239 1162 censuerunt.
1277 1125 1430 1164 Interim
1457 1127 1497 1165 in
1522 1127 1611 1166 Dal-

318 1184 439 1221 matia
462 1181 521 1223 M.
547 1183 756 1230 Octavius,
781 1184 862 1232 post
895 1179 1100 1222 discessum
1122 1184 1396 1225 liburnicarum
1429 1189 1612 1238 navium,

316 1245 457 1291 quibus
480 1240 716 1279 Antonianos
748 1242 888 1282 milites
912 1245 962 1282 ad
984 1245 1215 1295 Pompejum
1242 1245 1339 1286 Libo
1365 1248 1606 1300 deducebat,

315 1300 429 1341 lisam
442 1333 456 1348 ‚
476 1301 685 1340 insularum
706 1314 751 1340 eo
773 1307 893 1344 tras-“tu
918 1306 1195 1346 nobilissimam
1211 1339 1223 1356 ‚
1240 1309 1288 1348 ab
1304 1310 1471 1350 amicitia
1486 1312 1611 1352 Caesaz

320 1365 369 1403 ris
399 1365 557 1412 ave,rtit;
584 1364 766 1412 Salonas,
797 1376 885 1402 curn
910 1367 1043 1405 frustra
1071 1365 1266 1413 tentasset,
1290 1383 1514 1422 oppugnare
1537 1374 1610 1412 sta.

318 1426 405 1464 tuit.
430 1423 570 1473 Atini,
597 1437 686 1463 cum
712 1424 762 1463 ob
787 1425 1017 1474 paucitatem
1042 1426 1205 1464 resistere
1224 1440 1305 1466 non
1334 1428 1506 1477 possent,
1534 1428 1608 1467 ser.

317 1500 388 1526 vos
413 1486 574 1537 puberes
607 1485 934 1534 manumiserunt,
970 1488 1005 1526 Sc
1033 1486 1236 1525 mulierum
1269 1488 1455 1538 praesectis
1495 1491 1608 1529 crini.

315 1550 390 1589 bus
414 1550 463 1589 ad
491 1558 682 1589 tormenta
706 1549 791 1588 sunt
825 1549 889 1590 uli,
921 1549 1126 1596 Octavius,
1148 1550 1286 1590 horum
1306 1552 1512 1601 pertinacia
1540 1564 1609 1592 co.

314 1612 441 1661 gnita,
476 1610 645 1660 quinque
676 1610 803 1648 castris
835 1610 1026 1660 oppidum
1055 1609 1198 1650 clausit.

325 1694 331 1713 f
371 1670 527 1711 LXVII.
556 1672 606 1710 At
636 1683 724 1709 cum
753 1668 889 1709 obseffi
921 1669 1177 1720 negligentius
1205 1671 1265 1721 agi
1295 1671 1478 1711 excubias
1500 1671 1606 1723 apud

317 1730 466 1771 hostem
498 1744 724 1779 cernereut3
752 1733 879 1782 pueris
913 1742 1028 1782 atque
1059 1731 1283 1772 mulieribus
1312 1735 1356 1772 in
1384 1748 1493 1774 muro
1525 1734 1607 1774 col.

317 1794 483 1841 locatis,
519 1803 563 1833 ut
602 1793 745 1844 species
783 1805 1114 1844 propugnatorum
1148 1794 1394 1844 servaretur,
1429 1800 1608 1847 eruptio·v

315 1869 406 1895 nem
444 1855 485 1895 in
516 1856 692 1906 proxima
716 1856 833 1895 castra
859 1856 1037 1896 faciunt:
1076 1855 1211 1907 hisque
1237 1858 1450 1907 perruptis,
1482 1864 1605 1910 (nam

315 1926 473 1969 propter
502 1918 636 1957 aestum
675 1917 788 1957 multi
828 1917 968 1957 milites
1004 1931 1052 1957 ex
1079 1918 1300 1957 stationibus
1330 1919 1605 1975 discesserant)

313 1981 454 2022 eodem
482 1980 633 2030 impetu
659 1989 784 2018 cetera
823 1981 952 2019 omnia
988 1991 1210 2031 expugnant
1233 2011 1244 2030 ,
1289 1982 1601 2034 Octaviumque,

316 2045 467 2091 majore
489 2042 687 2091 copiarum
708 2042 836 2081 amili'a
852 2052 959 2092 parte
973 2071 985 2089 ‚
1008 2055 1097 2097 cum
1123 2044 1277 2093 reliquis
1298 2044 1336 2082 in
1358 2057 1472 2084 naves
1497 2057 1607 2084 com-

317 2105 478 2155 pellunt.
515 2106 723 2153 Octavius,
752 2115 897 2145 tantam
918 2106 1068 2145 cladem
1100 2107 1223 2157 passus
1241 2137 1252 2153 ,
1275 2120 1364 2146 cum
1392 2108 1439 2146 de
1454 2107 1605 2148 Salonis

317 2168 584 2217 expugnandis
608 2167 859 2218 desperasset,
888 2171 1044 2218 jamque
1072 2170 1222 2208 instaret
1251 2169 1403 2216 hiems,
1436 2169 1604 2219 Dyrrha-

318 2227 448 2266 chium
480 2227 528 2266 ad
563 2228 790 2278 Pompejum
821 2229 987 2268 reversus
1021 2231 1084 2271 est.
1124 2232 1226 2271 Dum
1261 2230 1341 2270 liaec
1379 2234 1418 2270 in
1449 2232 1605 2283 illyrico

319 2293 354 2330 e&
375 2288 504 2329 Africa
528 2298 732 2339 geruntur,
762 2289 904 2338 Caesar,
928 2292 1098 2341 depolita
1125 2293 1165 2331 in
1185 2292 1350 2343 speciem
1376 2293 1498 2333 civilis
1523 2285 1607 2333 ani-

367 2412 388 2447 Ε
412 2413 516 2445 LXV.
536 2412 609 2446 siv.
627 2415 716 2456 Epir.
741 2414 842 2447 Oros.
859 2416 878 2446 6
892 2442 900 2452 ,
925 2427 973 2455 15.
990 2417 1074 2452 Caes.
1090 2418 1178 2453 Ποῖ.
1197 2430 1239 2461 4,
1259 2427 1291 2452 2.
1305 2417 1425 2452 Euscb.
1444 2417 1465 2464 §
1484 2417 1605 2454 LXVI,

317 2454 404 2497 Dio.
437 2457 523 2498 Caes.
551 2458 654 2499 Oxos.
676 2460 720 2504 ὁ,
747 2471 797 2507 ¹5·
820 2462 930 2498 Strab.
954 2463 978 2498 l.
998 2472 1035 2505 7.
