1675 2959
298 116 591 171 rN-Loo.
636 121 772 168 Lrss.
818 119 907 168 cv
961 122 1095 168 mv.
1142 116 1178 145 f
1257 140 1340 186 195

62 229 103 267 in
127 226 270 266 bellum
294 228 373 277 egit
393 226 595 272 barbaros,
616 233 657 264 ut
675 225 867 275 replerentv
886 225 1020 265 bellica
1041 225 1168 277 praeda
1185 228 1343 277 domos,

61 302 154 339 quas
185 290 308 338 pretio
337 289 474 338 quietis
503 289 764 328 exhauserant.
800 289 919 339 Igitur
945 302 1024 327 non
1054 300 1186 328 vexata
1220 290 1345 330 solnm

64 353 100 390 &
126 348 288 399 spoliata
310 349 543 388 Macedonia
573 349 644 397 est,
681 349 745 387 sed
773 349 888 388 etiam
916 351 1102 389 exercitus
1128 351 1346 400 Romanus,

62 411 101 449 vi
129 409 293 450 hostium
313 440 326 459 ,
359 419 424 448 aut
460 411 701 460 imperatoris
730 411 866 458 injuria
886 438 898 459 ⁷
934 411 1059 459 fame,
1091 411 1225 451 morbo
1251 425 1351 452 con-

63 472 224 512 sumtus>

117 535 188 574 IX.
213 533 404 574 Thessalia
428 536 463 574 ἃ
483 533 649 583 Achaja,
674 534 767 573 licut
788 533 836 574 ab
862 534 969 572 hoste
992 533 1144 585 longius
1166 535 1346 586 aberant,

64 596 240 637 cladibus
264 597 440 645 intactae,
479 597 582 646 pacis
614 597 767 645 injurias
794 596 1029 644 sentiebant,
1062 611 1241 648 magnam
1268 600 1349 638 vim

63 660 236 710 pecuniae
262 658 385 699 Pisoni
410 659 576 711 pendere
603 660 756 698 coactae.
801 658 966 697 Gravius·
994 659 1122 698 adhuc
1148 660 1347 711 Byzantini

65 719 324 767 vexabantur,
349 732 443 769 quos
469 718 520 758 ob
548 720 680 757 merita
709 717 960 763 Mithridatici
989 719 1077 758 belli
1106 720 1253 761 senatus
1280 736 1348 772 po.

63 781 252 832 pulusque
273 782 470 821 Romanus
497 793 617 831 nuper
641 780 880 821 liberaverat.
911 782 1032 821 Miffae
1056 791 1185 822 tamen
1212 797 1258 822 eo
1284 797 1352 823 co.

63 844 196 883 hortes
223 845 264 883 in
298 844 460 883 hiberna
490 844 598 883 sunt:
628 853 760 882 contra
790 842 892 892 leges
928 843 1150 894 senatusque
1177 845 1350 885 consulta

65 906 234 947 exercita
252 906 449 955 jurisdicto
465 918 474 945 :
493 905 658 944 ‘avaritia
673 934 686 950 ‚
716 904 792 951 vis,
814 915 860 941 ac
884 903 1011 942 libido
1031 905 1234 945 foedillime
1251 907 1352 957 gras.

11 968 14 974 “
63 968 155 1009 sata.
188 970 288 1008 Nam
324 968 518 1008 &statuae
553 967 730 1016 urbisque
767 978 994 1005 ornamenta
1034 968 1153 1007 multa
1192 970 1346 1021 abrepta

65 1030 175 1078 sunt,
198 1029 380 1069 &caedes
401 1029 599 1068 fastaezs&
618 1028 779 1077 virgines
803 1027 1064 1075 nobiliffimae,
1093 1041 1182 1067 cum
1205 1032 1252 1069 ad
1278 1032 1349 1071 stu-

64 1103 179 1143 prum
210 1098 457 1141 raperentur,
494 1089 534 1127 in
560 1099 696 1139 puteos
728 1088 885 1137 abjeotis
917 1089 1143 1138 corporibus
1174 1089 1351 1130 volunta-

64 1154 119 1194 ria
150 1163 274 1193 morte
307 1152 549 1191 interierunt.
588 1151 724 1200 Neque
755 1149 885 1188 mitius
921 1151 1075 1200 Agriani
1106 1149 1350 1202 Dolopesque

67 1218 102 1258 Sc
125 1216 264 1258 AEtolia
287 1223 434 1255 vexata.

120 1279 172 1319 X.
210 1278 254 1318 In
284 1278 388 1329 Syria
419 1275 603 1316 Gabinius
634 1273 795 1313 adverfis
831 1273 943 1313 rebus
973 1273 1141 1313 nocebat
1171 1276 1349 1326 reipubli.

66 1354 146 1389 cae3
179 1339 365 1391 prosperis
393 1337 615 1377 consulebat
640 1336 717 1375 fibi.
755 1337 879 1387 primo
906 1336 1074 1375 adventu
1100 1348 1207 1386 parte
1237 1341 1351 1388 equi-

66 1410 166 1441 tatus
182 1432 194 1454 ‚
231 1400 372 1440 deinde
399 1399 622 1438 cohortibus
650 1398 799 1447 aliquot
821 1397 961 1436 amiffis
978 1428 989 1445 ‚
1015 1410 1102 1436 cum
1127 1399 1270 1449 reliqua
1295 1401 1351 1439 fe.

63 1464 174 1505 licius
198 1463 475 1514 procederent,
506 1460 606 1501 bella
627 1473 707 1499 non
733 1473 779 1498 ex
805 1459 1026 1499 necestitate
1052 1471 1117 1500 aut
1148 1461 1252 1501 bono
1279 1476 1348 1513 pu.

66 1528 171 1568 blico
194 1526 394 1574 sumebat,
427 1524 492 1564 sed
525 1523 712 1563 inferebat
738 1522 976 1573 quibuslibet
1008 1523 1123 1562 etiam
1156 1525 1350 1574 pacariffi-

64 1591 164 1637 mis,
196 1601 359 1639 quorum
390 1599 482 1637 opes
509 1585 615 1636 spem
638 1585 777 1636 opimae
802 1583 1198 1635 praedaerapaciffimo
1216 1587 1347 1626 eidem

65 1650 392 1702 profufissimoque
414 1647 633 1687 mortalium
648 1647 829 1686 facerent.
857 1646 898 1685 ln
913 1646 1067 1694 Judaeos
1087 1654 1215 1686 tamen
1229 1678 1240 1695 ,
1256 1661 1348 1689 cum

66 1713 283 1756 Alexandro
298 1709 499 1751 Aristobuli
518 1709 599 1748 filio
624 1708 851 1748 rebellantes
865 1708 1139 1758 ‚expeditione
1157 1708 1348 1760 suscepta,

66 1788 147 1814 non
174 1774 410 1813 instrenuum
435 1771 702 1821 imperatorem
727 1770 816 1819 egit.
853 1770 1080 1808 Cumenim
1107 1770 1350 1820 Alexander,

67 1836 233 1876 exercitu
259 1834 422 1873 collecto
437 1863 449 1881 ,
477 1845 605 1871 muros
630 1830 1002 1881 Hierosolymitanos
1025 1830 1172 1870 eversos
1196 1845 1216 1870 a
1238 1833 1356 1879 Pom-

67 1901 157 1951 pejo
184 1898 386 1936 instaurare
410 1895 603 1945 coepiffet3
634 1894 774 1932 deinde
801 1893 848 1932 ab
870 1893 945 1932 hoc
970 1893 1139 1932 instituto
1156 1894 1347 1945 repulsus,

36 1954 38 1956 V
67 1959 372 2001 Machaeruntem
405 1959 441 1996 δε
465 1955 539 1995 alia
567 1956 741 2005 quaedam
777 1955 926 1994 castella
960 1957 1242 1996 communiret:
1276 1958 1350 1996 Ga.

67 2022 216 2070 binius,
238 2018 423 2070 praemisso
453 2018 507 2057 M.
527 2019 716 2063 Antonio,
740 2028 854 2066 quem
879 2017 1069 2065 equitatui
1106 2017 1348 2067 praefecerat,

67 2096 158 2123 cum
186 2081 401 2132 legionibus
430 2078 674 2127 subsecutus,
705 2078 810 2117 haud
834 2078 970 2128 procul
1000 2078 1274 2130 Hierosolymis
1301 2081 1346 2120 fi.

69 2161 141 2198 gna
173 2158 259 2184 cum
282 2143 628 2196 Judaeisncontulit.

124 2208 195 2251 XI.
225 2207 282 2247 Ibi
310 2219 399 2253 eum
429 2205 500 2244 tria
528 2203 649 2243 millia
673 2203 872 2243 interfec‘ta
902 2201 1094 2250 hostium,
1126 2211 1238 2254 capta
1259 2203 1352 2243 toti*

121 2346 142 2377 8
166 2346 258 2378 V111.
283 2344 373 2378 Plut.
405 2345 439 2377 in
470 2345 546 2376 (tat.
573 2355 601 2376 c.
631 2352 682 2381 57.
715 2341 736 2386 ᾗ
763 2342 822 2374 N.
847 2340 918 2373 Cic.
939 2341 974 2372 in
996 2335 1062 2371 Pis.
1089 2349 1118 2371 c.
1142 2349 1178 2370 2!
1197 2364 1206 2378 ‚
1229 2338 1262 2370 ὃ(
1287 2348 1352 2380 pro

73 2389 165 2435 Sext.
187 2402 215 2422 c.
245 2402 297 2434 43.
323 2391 343 2434 5
370 2390 411 2425 X..
436 2390 507 2421 Cic.
531 2398 593 2432 pro
612 2388 705 2421 Sext.
727 2385 865 2429 Joseph.
880 2385 987 2428 antiq.
1016 2394 1078 2424 14,
1102 2383 1152 2417 16.
1175 2382 1350 2427 Hegefipp.

80 2436 170 2468 nb,

968 2481 1096 2529 ’Νι
