1675 2959
296 151 872 200 INLOC.L1B.C11
926 150 1061 196 mv,
1293 164 1349 211 57

73 273 162 300 cum
186 259 270 299 aliis
288 260 387 303 circa
414 260 580 299 Pontum
609 257 840 308 opportunis
864 254 966 296 bello
994 253 1162 305 gerendo
1185 254 1353 304 oppidis.

127 320 274 363 XXIV.
299 320 450 359 Idci-roo
466 318 735 364 Mithridates,
768 315 910 356 crebris
935 314 1216 355 defectionibus
1248 315 1356 352 terri-

73 391 162 433 tus,
201 396 290 423 cum
315 382 524 430 exercitui,
558 381 624 432 qui
655 393 835 431 magnam
862 387 1010 430 partem
1039 390 1088 417 ex
1109 376 1239 416 invitis
1264 388 1360 414 con-

42 491 43 494 *
76 445 223 494 stabat,
256 457 391 495 parum
420 444 578 493 fideret,
607 442 728 491 filias,
748 440 936 492 Scythicis
957 436 1095 491 regulis
1123 437 1329 489 desponsas
1346 467 1358 484 ,

79 508 378 558 quingentorum
401 506 566 545 militum
585 505 719 546 addito
746 504 937 555 praefidio,
959 502 1079 550 misit,
1099 510 1144 541 ut
1162 514 1228 540 eos
1244 513 1360 551 quam

75 571 300 608 maturrime
314 582 405 608 cum
421 568 670 608 auxiliaribus
686 567 807 617 copiis
825 567 874 606 ad
888 565 924 604 se
936 564 1183 615 pertraheret.
1206 563 1280 603 Sed
1293 563 1362 600 mio

79 631 191 680 lites,
209 633 336 671 accisis
360 633 400 671 in
421 632 557 673 itinere
580 629 955 680 spadonibus‚quod
975 640 1093 678 genus
1108 625 1211 676 apud
1234 637 1363 675 regem

76 696 328 748 praevalidum
350 699 385 735 ἅ
409 696 586 746 potentia
614 694 711 745 saepe
734 693 894 733 abusum
919 690 1151 731 infestiss'ime
1176 689 1362 737 oderant,

78 758 226 809 puellas
258 758 373 809 seque
397 758 583 809 Pompejo
613 757 861 796 tradiderunt.
897 754 1001 794 Inter
1032 752 1100 792 has
1125 750 1364 791 calamitates

80 821 180 860 adeo
207 834 288 860 non
315 820 549 861 deficiebant
578 818 818 859 Mithridatis
853 817 1034 867 spiritus,
1063 824 1107 854 ut
1139 815 1267 866 potius
1298 826 1365 852 au·-

83 892 271 933 gerentur.
317 895 406 922 cum
435 883 538 920 enirn
571 880 663 920 ess'et
694 879 982 929 septuagenario
1018 878 1169 925 major,
1199 875 1365 915 stastum

84 937 283 983 laboribus
304 956 464 993 corpus,
483 942 602 981 animi
628 943 760 991 vigore
782 938 1044 986 sublevando,
1067 936 1223 978 consilia
1242 936 1365 984 vasta,

83 1005 280 1052 inaudita,
304 1003 543 1043 incredibilia
567 1002 750 1053 agitabat.

155 1064 286 1104 XXV.
323 1065 500 1115 Namque
534 1077 600 1115 per
635 1061 803 1102 Colchos
843 1063 879 1101 <Sc
911 1059 1110 1100 Maeoticas
1149 1068 1279 1110 gentes
1318 1058 1370 1097 ad

82 1127 218 1171 Istr-um
244 1136 443 1179 penetrare
474 1128 675 1167 statuerat:
705 1126 795 1164 inde
821 1124 895 1163 five
924 1137 990 1176 per
1018 1123 1183 1164 Gallicas
1211 1131 1369 1174 gentes,

84 1203 249 1240 quarum
273 1191 488 1229 amicitiam
514 1190 584 1229 diu
605 1195 693 1228 ante
719 1194 941 1238 paraverat,
978 1187 1184 1236 tritamque
1209 1184 1373 1229 Cimbris

83 1252 211 1298 viam,
226 1252 352 1292 nattis
373 1251 500 1291 secum
514 1281 524 1300 ‚
543 1263 618 1301 qua
642 1249 811 1288 tranfiret
822 1279 834 1297 ,
850 1248 998 1288 auxiliis
1011 1281 1025 1297 ‚
1040 1248 1214 1299 superare
1231 1246 1371 1298 Alpesx,

87 1313 162 1352 five
187 1313 374 1362 Thracia,
396 1312 704 1362 Macedoniaque
731 1313 765 1351 δε
783 1312 926 1351 Graecia
951 1312 1094 1362 raptim
1118 1310 1278 1352 transitis
1293 1340 1305 1356 ‚
1332 1310 1374 1347 in

85 1375 238 1415 Italiam
269 1375 487 1427 irrumpere.
524 1374 643 1423 Quod
672 1373 696 1412 fi
725 1373 875 1413 efficere
904 1372 1113 1424 potuisset,
1148 1385 1228 1411 non
1257 1371 1374 1410 dubi-

91 1438 223 1485 tabat,
260 1439 354 1488 quin
382 1438 422 1476 in
447 1436 525 1488 ipsa
555 1437 662 1478 Italia
696 1447 828 1476 contra
852 1436 1049 1476 Romanos
1081 1448 1186 1477 arma
1216 1437 1252 1475 ἂ
1276 1435 1377 1477 viros

87 1499 184 1541 esset
205 1500 450 1540 inventurus:
480 1501 585 1550 quod
608 1501 643 1539 &
671 1498 881 1540 Hannibali
906 1498 1155 1546 succefferat3
1190 1499 1226 1538 ἃ.
1253 1508 1376 1546 nuper

89 1563 319 1613 Spartacus,
347 1563 465 1602 homo
489 1561 630 1601 nullius
653 1561 875 1612 dignitatis,
901 1573 981 1599 non
1010 1568 1183 1601 caruerat
1200 1556 1379 1597 adversus

91 1622 289 1668 Romanos
308 1623 532 1667 fautoribus<
553 1622 719 1667 maxime
738 1631 868 1661 autem
892 1619 1042 1660 socialis
1062 1618 1157 1659 belli
1179 1617 1378 1668 reliquias,

96 1687 133 1724 ἃ.
154 1686 261 1724 velut
282 1685 349 1725 sub
376 1685 502 1726 cinere
527 1684 687 1725 latentes
706 1684 898 1736 igniculos
921 1683 1095 1735 sperabat
1115 1682 1285 1723 adventu
1307 1680 1377 1721 suo

95 1750 254 1788 excitari
277 1748 405 1800 posse,
435 1761 524 1789 cum
559 1748 717 1791 haberet
752 1748 855 1799 apud
889 1746 927 1787 se
965 1747 1115 1798 generis
1155 1748 1237 1796 ejus
1265 1744 1381 1796 pluri-

95 1824 208 1860 mos,
241 1813 277 1851 Gt
315 1823 460 1862 paucos
491 1818 580 1850 ante
615 1823 736 1852 annos
767 1810 865 1852 ultro
895 1810 988 1856 inde
1011 1809 1222 1861 legationes
1256 1806 1381 1848 venis-

95 1871 178 1911 sent
207 1871 245 1908 in
267 1870 418 1910 Italiam
442 1883 532 1912 eum
559 1871 794 1910 vocantium.

93 1955 96 1958 Δ
150 1932 300 1972 XXVI.
325 1932 403 1972 Sed
428 1933 615 1971 exercitus
635 1945 657 1971 a
680 1932 875 1971 mentione
897 1938 978 1977 tam
1005 1930 1227 1982 longinquae
1250 1931 1286 1970 δε
1303 1929 1377 1968 du·

96 2005 148 2036 1ae
173 1993 315 2033 militiae
343 1993 596 2036 abhorrebat:
632 2006 760 2044 neque
791 1994 897 2032 enim
921 1993 959 2032 se
983 2005 1091 2043 pares
1118 1993 1269 2032 futuros
1299 1990 1382 2030 Ro.-

96 2057 224 2095 manis
258 2056 297 2094 in
321 2056 431 2098 Italia
462 2055 689 2106 sperabant,
724 2069 819 2106 quos
847 2056 955 2096 dorni
986 2055 1164 2095 sustinere
1196 2050 1391 2106 nequivisf

99 2117 207 2166 sent3
233 2119 269 2158 ἅ
291 2130 419 2169 regem
449 2117 712 2168 desperatione
737 2118 785 2157 ad
808 2117 1033 2157 audendum
1060 2114 1223 2168 propelli
1247 2115 1386 2154 reban-

103 2187 194 2225 tur,
229 2187 272 2218 ut
308 2181 478 2222 exat‘tam
509 2188 660 2218 aetatetn
697 2179 799 2230 regia
836 2179 964 2230 potius
996 2187 1123 2219 morte
1160 2177 1386 2224 clauderet,

104 2255 222 2292 quam
262 2241 416 2281 brevem
444 2241 541 2285 lucis
568 2241 718 2281 usuram
742 2251 928 2293 perpetua
953 2241 1165 2292 ignominia
1197 2251 1389 2279 mercare·

105 2315 179 2344 tur.
217 2303 416 2345 Durabant
443 2313 576 2344 tamen
611 2303 769 2355 adhuc,
799 2307 836 2345 ὃς
870 2304 1075 2355 imperium
1111 2302 1386 2355 patiebantur,

155 2416 177 2459 g
203 2418 754 2457 XX111.Sueton.Diod01-.Plut
770 2422 811 2454 in
829 2421 952 2455 caton
970 2433 998 2455 c.
1017 2430 1073 2465 23.
1095 2418 1264 2465 §xxm
1282 2415 1388 2456 Orosi·

110 2460 198 2512 Appi
205 2474 257 2498 an.
280 2463 388 2503 XXV.
414 2464 515 2504 Oros.
536 2467 682 2515 Appiam
