1675 2959
277 103 337 160 48
409 102 490 149 JO.
513 100 732 147 FREINS.
750 100 948 148 SUPPL.
966 101 1030 147 IN
1048 94 1189 149 LOC.
1209 105 1257 150 L.
1275 101 1348 152 CI.
1362 105 1478 155 LIV.

276 213 369 260 jano
402 207 595 258 reliquiae,
632 220 722 246 cum
754 206 918 246 navibus
957 207 1008 246 ad
1035 208 1278 249 redeundum
1315 211 1570 252 destituerens

274 281 355 320 tur,
381 285 464 321 quae
488 270 710 321 tempestate
733 270 782 308 ad
801 281 846 308 ea
865 268 978 308 litora
1001 272 1131 319 ejecaeae
1152 272 1360 322 perierant,
1382 275 1481 313 inter
1508 274 1565 313 fe-

275 350 334 376 ras
365 343 499 387 gentes
523 334 806 372 humanitatem
833 345 992 372 omnem
1023 343 1235 383 exuerunt,
1262 336 1311 374 ad
1336 336 1560 386 latrocinia,

274 398 419 438 etiamfi
433 396 669 448 propositum
687 394 885 444 abfuisset,
908 395 1085 434 locorum
1102 397 1265 447 egestate
1289 400 1426 438 coaeti.
1452 401 1566 450 quip-

272 474 324 512 pe
350 459 497 499 cunetis
529 459 674 495 circum
700 455 925 505 hostilibus,
963 457 1004 496 in
1038 457 1244 498 verticibus
1275 459 1495 509 asperorum
1526 463 1564 501 δε

274 522 494 562 nivosorum
523 519 717 557 montium
741 517 848 557 sedes
877 518 993 568 figere
1019 519 1216 559 necessum
1243 519 1471 561 habuerant.

327 582 431 623 XLI.
454 583 503 620 At
526 578 796 625 Mithridates,
819 579 1038 620 transdueto
1068 594 1136 630 per
1162 580 1256 620 fines
1284 581 1424 622 horum
1459 593 1569 622 exea

272 648 380 693 citu,
405 656 494 682 cum
521 641 724 682 Maeoticas
760 650 892 691 gentes
934 642 1136 693 attigiffet3
1177 656 1200 683 a
1231 644 1371 695 regulis
1400 645 1565 695 paffim,

273 709 325 748 ob
348 707 493 746 famam
520 703 669 743 virtutis
691 705 727 743 ἃ
758 705 967 753 potentiae‚
996 707 1031 744 ἃ
1059 706 1157 744 vires
1188 715 1272 746 tum
1305 720 1459 758 quoque
1483 721 1565 748 non

271 767 600 814 contemnendas,
624 765 844 816 hospitalier
862 777 1051 817 exceptus
1076 768 1367 820 deductusque3
1395 773 1565 821 acceptis

270 831 443 881 datisque
460 826 686 869 muneribus
700 857 711 873 ,
737 826 960 866 societatem
987 828 1077 867 belli
1098 841 1187 867 cum
1210 830 1254 869 iis
1274 832 1419 882 pepigit
1433 863 1445 881 ,
1461 833 1562 873 mul.

269 905 307 931 ta
333 897 370 932 Sc
400 892 570 944 ingentia
596 890 726 929 animo
754 888 943 928 volutans.
981 891 1017 930 ἃ
1043 904 1119 941 quo
1152 892 1297 932 firmior
1332 894 1427 934 esset
1465 898 1570 934 ami-

269 956 360 993 citia
376 983 387 1002 ,
417 952 514 991 filias
544 953 740 1004 (habebat
764 953 868 991 enim
897 953 1038 992 multas
1058 967 1104 994 ex
1130 955 1282 995 diversis
1308 957 1566 1013 mulieribus)

268 1013 540 1066 potentissimis
569 1027 705 1054 eorum
735 1014 953 1065 despondit.
992 1016 1086 1056 Haec
1108 1030 1199 1056 cum
1226 1018 1327 1058 filius
1354 1020 1564 1060 Mithrida.

267 1081 319 1117 tis
348 1075 553 1117 Machares
569 1105 581 1123 ,
613 1078 677 1124 qui
703 1085 786 1111 turn
810 1075 851 1112 in
878 1075 1048 1125 Bosporo
1070 1077 1255 1126 regnabat
1271 1106 1282 1122 ,
1311 1083 1569 1128 cognovisset,

269 1156 343 1181 um
369 1141 464 1179 brevi
490 1152 636 1192 tempore
669 1149 720 1175 tot
741 1135 934 1174 indomitas
960 1150 1078 1187 gentes
1094 1167 1105 1185 ,
1137 1140 1172 1176 δι’
1199 1139 1369 1177 celebrata
1394 1142 1564 1193 sermoni.

268 1207 333 1243 hus
346 1201 502 1254 Scythice
522 1200 673 1252 claustra
691 1209 882 1250 perrupta,
900 1197 1034 1250 suoque
1051 1196 1129 1249 jam
1153 1213 1255 1251 tegno
1276 1203 1474 1252 proximum
1496 1218 1565 1255 pa.

268 1279 352 1305 trem
379 1262 470 1316 effi;
499 1260 600 1300 misit
618 1261 667 1299 ad
701 1273 791 1299 eum
809 1258 978 1310 legatos,
1007 1273 1084 1296 nece
1110 1270 1227 1297 zratcm
1257 1261 1464 1307 excusans,
1492 1277 1566 1313 quoe

270 1328 389 1365 omnia
418 1325 495 1362 alia
522 1324 711 1376 cupientem
732 1323 919 1360 Romanas
936 1320 1037 1373 sequi
1055 1333 1173 1373 partes
1191 1320 1379 1374 adegzſjbt:
1403 1322 1474 1374 ipse
1496 1338 1565 1378 pa-

267 1389 334 1426 tris
358 1386 591 1439 consper‘lum,
618 1384 873 1438 implacabilem
895 1381 970 1434 ejus
996 1383 1083 1419 iram
1098 1380 1236 1433 sciens,
1265 1383 1419 1422 vitabat.

322 1447 443 1488 XLII.
474 1446 642 1497 Quoque
669 1446 787 1484 tutior
805 1444 853 1484 ab
877 1443 981 1482 illius
1007 1442 1101 1482 odio
1118 1442 1237 1492 foret,
1260 1442 1452 1496 plerisque
1472 1459 1565 1486 con.

267 1510 474 1557 crematis,
506 1518 550 1547 ut
577 1506 761 1557 sequendi
800 1503 1025 1544 facultatem
1061 1504 1276 1553 adimeret,
1306 1518 1395 1544 cum
1427 1509 1563 1547 ceteris

265 1571 428 1611 navibus
451 1571 492 1609 in
523 1566 807 1609 Cherronesum
830 1564 1024 1604 concessit.
1058 1566 1106 1604 At
1133 1564 1380 1605 Mithridates
1402 1566 1484 1606 aliis
1506 1580 1561 1607 re.

264 1635 406 1687 pertis,
435 1632 534 1672 misit
567 1639 691 1670 certos
709 1661 721 1678 ‚
755 1629 844 1679 qui,
871 1626 1049 1678 promissa
1079 1627 1286 1678 impunitate
1317 1628 1562 1681 praemiislyue,

264 1696 459 1738 Macharis
482 1695 630 1733 amicos
659 1693 709 1730 ad
735 1691 924 1730 tollendum
951 1690 1066 1727 herum
1090 1690 1304 1727 incitarent.
1339 1689 1492 1739 Quibus
1517 1691 1560 1729 il-

265 1757 303 1798 le
324 1758 437 1797 rebus
467 1755 659 1806 cognitis,
689 1752 962 1803 desperataque
987 1750 1126 1798 salute,
1160 1749 1228 1788 fibi
1261 1750 1339 1801 ipse
1367 1751 1555 1791 conscivit

262 1832 412 1859 necem.
449 1816 696 1857 Mithridates
727 1815 940 1854 amicorum
973 1825 1066 1859 eos,
1107 1824 1201 1862 quos
1233 1811 1312 1862 ipse
1352 1813 1555 1853 addiderat

264 1881 376 1929 filio,
410 1888 592 1930 tanquam
630 1879 843 1929 proditores
871 1876 1000 1915 affecit
1028 1875 1254 1926 suppliciis:
1293 1888 1386 1925 quos
1423 1875 1553 1925 postea

265 1942 468 1992 Machares
499 1941 568 1980 fibi
595 1948 818 1991 paraverat,
849 1940 894 1977 iis
921 1939 1136 1989 perpercit,
1167 1938 1261 1976 nihil
1287 1950 1407 1976 contra
1426 1938 1466 1989 J&
1496 1938 1554 1975 de.

264 2004 398 2058 liquiffie
428 2004 588 2052 dicens,
619 2004 675 2042 cui
703 2003 801 2041 nullo
825 2002 970 2054 obstric‘li
997 2001 1161 2050 beneficio
1174 1998 1332 2051 fiiiffent.

312 2130 334 2164 Ε
361 2129 433 2162 XL.
457 2129 604 2173 Appian.
629 2129 706 2161 Liv.
724 2129 815 2173 Epir.
835 2128 983 2160 strab.1.
1001 2137 1036 2165 7.
1054 2125 1184 2160 Sallust.
1204 2126 1400 2162 Marcellin,
1421 2135 1481 2166 22,
1501 2137 1556 2170 15-

265 2173 295 2221 §
315 2173 403 2210 XLI.
428 2174 574 2220 Appian.
594 2168 741 2207 Diodor.'
768 2177 789 2217 g*
815 2173 922 2207 XLII.
944 2173 1090 2217 Appian.
1108 2172 1254 2207 Diodor-
