1675 2959
269 200 367 257 '310
433 192 524 241 JO.
561 191 1445 241 FRE1NSHEMHSUPPLEM.

272 302 360 350 lius,
379 301 545 352 acceptis
566 301 772 348 militibus,
797 312 844 339 ex
869 300 930 338 his
953 302 989 340 &
1012 300 1222 341 delec‘tibus
1234 301 1476 353 Pompejanis
1491 299 1560 339 ali-

272 373 369 415 quot
393 363 570 403 cohortes
594 361 773 400 conficit:
800 373 891 399 mox
914 362 1020 403 venit
1041 361 1091 401 ad
1117 375 1205 402 eum
1223 364 1265 404 C.
1286 362 1452 403 Lucilius
1468 362 1557 402 Hir..

270 440 336 466 :rus
365 439 453 465 curn
488 425 657 474 quinque
679 422 932 470 cohortibus,
959 421 1162 464 Camerino
1192 425 1373 478 fugiens,
1409 423 1481 464 ubi
1515 423 1558 463 in

269 489 442 543 praesidio
464 486 602 524 fuerat.

324 549 457 590 LVIII.
495 547 547 587 Hi
583 545 732 596 magnis
762 545 958 585 itineribus
994 546 1207 586 Corfinium
1238 543 1558 598 proficiscuntur,

272 625 350 664 quo
379 611 466 650 loco
495 609 536 648 L.
562 608 755 648 Domitius
776 608 1052 648 Ahenobarbus
1077 608 1312 650 consederat.
1337 611 1439 653 Nam
1468 608 1560 658 ille,

267 674 458 716 successor
482 670 615 712 Caesari
633 670 786 719 missus,
801 682 894 710 'cum
915 680 1078 721 quatuor
1103 671 1272 711 millibus
1295 683 1342 710 ex
1360 675 1463 714 novo
1489 671 1559 711 de-

266 738 371 778 lectu
395 734 561 776 Galliam
582 732 706 772 versus
726 733 797 775 iter
817 733 1056 773 instituerat:
1084 734 1250 782 deinde,
1264 733 1423 773 occursu
1440 733 1559 773 caesa-

267 800 360 839 saris
397 797 585 846 cognito,
615 795 824 834 deflexerat
854 794 893 833 in
928 794 1106 845 Pelignos
1143 795 1376 846 Marsosque.
1411 795 1557 835 Harum

268 874 319 901 ex
343 860 543 899 nationum
569 856 779 896 delec‘kibus
810 869 900 895 cum
926 856 1056 907 copias
1087 855 1172 896 suas
1194 857 1244 896 ad
1269 869 1472 895 numerum
1494 868 1559 895 co-

265 924 442 963 hortium
481 920 691 960 duodecim
723 918 959 967 adauxiffet,
988 921 1145 970 jamque
1174 919 1223 958 ad
1250 932 1340 958 eum
1364 917 1558 958 Vibullius

268 989 307 1027 ἃ
332 986 465 1025 Hirrus
492 995 583 1023 cum
607 981 851 1031 undeviginti
883 981 1110 1021 cohortibus
1141 981 1398 1029 acceffiffent3
1430 979 1558 1019 obser·

264 1060 356 1088 vare
379 1045 562 1086 Caesarem
583 1044 767 1091 instituit,
796 1053 1076 1094 repugnaturus
1091 1074 1104 1091 ,
1132 1043 1155 1083 si
1181 1045 1337 1095 propius
1362 1045 1410 1083 ad
1436 1042 1472 1082 se
1493 1055 1555 1082 ac.

265 1107 457 1150 ceffisset:
493 1106 546 1146 sm
571 1118 660 1145 vero
695 1105 907 1147 secundum
935 1118 1039 1145 mare
1060 1106 1110 1144 ad
1140 1096 1369 1156 pompejum
1395 1105 1447 1143 ire
1471 1117 1558 1144 coe-

262 1172 398 1224 piffet‚
435 1169 635 1209 confestim
662 1167 845 1209 ducturus
868 1168 910 1206 in
937 1169 1164 1217 Samnium,
1190 1177 1234 1208 ut
1255 1181 1345 1210 cum
1366 1168 1554 1218 Pompeio

264 1235 304 1277 se
332 1235 596 1283 conjungeret.

320 1304 422 1345 LIX.
442 1304 519 1344 Sed
535 1301 680 1350 Caesar,
704 1300 845 1342 Asculo
859 1308 1037 1352 recepto,
1064 1299 1238 1351 conquiri
1260 1299 1424 1347 milites,
1450 1299 1513 1350 qui
1532 1312 1556 1340 a

262 1365 429 1409 Lentulo
455 1364 720 1412 discesserant,
745 1364 964 1414 instituique
985 1362 1179 1403 delectum
1204 1363 1340 1413 jubet:
1375 1375 1446 1404 nec
1475 1376 1557 1405 am-⁴

261 1429 364 1481 plius
395 1440 474 1467 uno
504 1427 567 1465 die
591 1435 784 1474 moratus,
809 1426 1022 1466 Corfinium
1045 1428 1180 1478 pergit.
1220 1426 1436 1466 Occurrunt
1459 1439 1557 1476 prae-

262 1490 380 1530 miffae
404 1503 424 1529 a
447 1489 621 1533 Domitio
650 1490 818 1539 quinque
839 1488 1040 1537 cohortes,
1064 1498 1301 1540 pontemque
1320 1489 1488 1528 fluminis
1506 1489 1555 1529 ad

263 1552 419 1593 tertium
447 1550 494 1590 ab
525 1551 617 1590 urbe
646 1549 807 1590 milliare
831 1559 1018 1590 conantur
1047 1551 1347 1602 interrumpere:
1379 1551 1444 1590 sed
1475 1552 1553 1590 levi

261 1613 402 1666 proelio
428 1614 578 1661 rejecffae
607 1612 655 1652 ab
681 1611 985 1657 antecursoribus
1022 1612 1197 1660 Caesaris,
1227 1613 1267 1651 in
1296 1613 1481 1664 oppidum
1513 1612 1553 1653 se

262 1678 470 1728 recipiunt.
490 1676 630 1724 Caesar,
648 1676 807 1716 flumine
822 1675 1017 1726 superato,
1035 1676 1150 1716 castra
1163 1678 1272 1725 juxta
1293 1689 1444 1714 murum
1460 1675 1553 1715 Cor-

261 1740 345 1780 fmii
369 1741 489 1790 ponit.
524 1739 737 1785 Domitius,
762 1752 904 1789 magno
931 1738 1122 1789 proposito
1143 1738 1324 1789 praemio,
1348 1739 1550 1789 regionum

262 1802 407 1852 peritos
440 1801 490 1841 ad
525 1801 754 1852 Pompejum
777 1813 867 1840 curn
893 1799 1010 1840 literis
1031 1801 1177 1849 mittit,
1215 1813 1351 1851 rogans
1379 1802 1414 1840 δε
1441 1800 1554 1840 obte-

261 1862 362 1902 stans
378 1891 389 1910 ,
419 1875 466 1901 ne
496 1862 532 1902 se
554 1875 644 1903 cum
669 1871 728 1902 tot
752 1862 1001 1910 cohortibus,
1029 1875 1246 1913 magnoque
1270 1861 1484 1902 senatorum
1511 1864 1549 1903 δε

262 1925 434 1975 equitum
458 1925 720 1965 Romanorum
747 1937 932 1973 numero,
958 1923 1129 1966 recidere
1156 1925 1194 1963 in
1218 1923 1443 1975 potestatem
1471 1923 1551 1964 Cae-

262 1984 353 2024 saris
378 1985 484 2024 finat-

320 2047 401 2087 Lx.
432 2047 484 2087 Ea
511 2059 568 2086 res
603 2046 748 2086 summa
777 2045 1034 2086 sollicitudine
1058 2046 1285 2096 Pompe-ium
1312 2045 1450 2086 affecit.
1484 2047 1549 2088 ni·

261 2108 320 2151 hil
348 2109 451 2148 enim
475 2119 552 2149 tam
580 2110 813 2150 contrarium
844 2109 1007 2149 consiliis
1033 2111 1114 2159 ejus
1139 2108 1218 2153 fieri
1252 2108 1442 2159 potuisset.
1478 2109 1547 2150 Ti-

263 2171 347 2211 roni
375 2185 451 2210 non
488 2172 658 2211 audebat
692 2172 911 2212 confidere:
953 2172 1046 2211 duas
1080 2170 1276 2221 legiones,
1315 2183 1397 2221 quae
1425 2183 1547 2220 nuper

260 2242 449 2285 praetextu
476 2233 638 2273 Parthici
669 2233 758 2272 belli
784 2233 957 2274 abdustae
981 2247 1001 2273 a
1024 2233 1165 2274 Caesare
1189 2234 1365 2278 fuerant,
1386 2232 1545 2282 pronio-

261 2307 321 2335 res
347 2293 421 2334 illis
449 2294 617 2345 partibus
642 2295 806 2336 rebatur.
836 2295 959 2348 Igitur
984 2307 1118 2335 omnes
1141 2293 1312 2343 undique
1337 2294 1469 2344 copias
1495 2294 1546 2337 ad

307 2431 330 2475 ξ
356 2431 458 2463 LVII.
489 2432 563 2464 Cic.
589 2433 628 2466 ad
652 2432 759 2466 Attic.
787 2432 823 2472 8,
856 2443 906 2470 ιφ.
935 2431 1078 2465 Diodor.
1108 2432 1132 2464 1.
1163 2442 1218 2470 41.
1254 2430 1338 2463 Caes.
1373 2430 1394 2462 S
1424 2429 1545 2464 Lvm,

261 2483 339 2524 Cic.
360 2484 399 2521 ad.
417 2485 523 2519 Artic.
546 2484 589 2527 δ,
614 2493 665 2527 ι7.
688 2483 772 2518 Caes.
790 2483 812 2531 §
835 2483 919 2518 LIX.
941 2483 1014 2518 Cic.
1046 2483 1085 2517 ad
1104 2483 1211 2520 Attic.
1230 2482 1273 2526 S⁸
1293 2492 1338 2525 ²9·
1366 2480 1447 2515 Coel'.
1464 2480 1546 2516 Dsso..

1668 2619 1675 2658 τ’
