<?xml version="1.0" encoding="UTF-8"?>
<!DOCTYPE html PUBLIC "-//W3C//DTD XHTML 1.0 Transitional//EN"
    "http://www.w3.org/TR/xhtml1/DTD/xhtml1-transitional.dtd">
<html xmlns="http://www.w3.org/1999/xhtml" xml:lang="en" lang="en">
 <head>
  <title>
</title>
<meta http-equiv="Content-Type" content="text/html;charset=utf-8" />
  <meta name='ocr-system' content='tesseract 3.04.00' />
  <meta name='ocr-capabilities' content='ocr_page ocr_carea ocr_par ocr_line ocrx_word'/>
</head>
<body>
  <div class='ocr_page' id='page_1' title='image "./historiarumlibri10livyuoft_0291.png"; bbox 0 0 1675 2959; ppageno 0'>
   <div class='ocr_carea' id='block_1_1' title="bbox 326 83 1411 161">
    <p class='ocr_par' dir='ltr' id='par_1_1' title="bbox 326 83 1411 161">
     <span class='ocr_line' id='line_1_1' title="bbox 326 83 1411 161; baseline -0.006 -11"><span class='ocrx_word' id='word_1_1' title='bbox 326 100 408 149; x_wconf 84' lang='grc' dir='ltr'>ῐΝ</span> <span class='ocrx_word' id='word_1_2' title='bbox 457 100 616 148; x_wconf 70' lang='lat' dir='ltr'>toc.</span> <span class='ocrx_word' id='word_1_3' title='bbox 660 94 798 144; x_wconf 74' lang='lat' dir='ltr'>Liss.</span> <span class='ocrx_word' id='word_1_4' title='bbox 850 91 975 144; x_wconf 68' lang='lat' dir='ltr'>cvii</span> <span class='ocrx_word' id='word_1_5' title='bbox 1027 92 1172 143; x_wconf 74' lang='lat' dir='ltr'>mv.</span> <span class='ocrx_word' id='word_1_6' title='bbox 1316 83 1411 161; x_wconf 57' lang='lat'>2359</span> 
     </span>
    </p>
   </div>
   <div class='ocr_carea' id='block_1_2' title="bbox 125 202 1440 2302">
    <p class='ocr_par' dir='ltr' id='par_1_2' title="bbox 125 202 1414 314">
     <span class='ocr_line' id='line_1_2' title="bbox 125 202 1414 258; baseline -0.008 -7"><span class='ocrx_word' id='word_1_7' title='bbox 125 218 266 251; x_wconf 77' lang='lat' dir='ltr'>novam</span> <span class='ocrx_word' id='word_1_8' title='bbox 300 209 532 258; x_wconf 78' lang='lat' dir='ltr'>judiciorum</span> <span class='ocrx_word' id='word_1_9' title='bbox 568 205 740 251; x_wconf 83' lang='lat' dir='ltr'>faciem,</span> <span class='ocrx_word' id='word_1_10' title='bbox 778 202 977 253; x_wconf 86' lang='lat' dir='ltr'>variosque</span> <span class='ocrx_word' id='word_1_11' title='bbox 1015 211 1207 250; x_wconf 72' lang='lat' dir='ltr'>terrores,</span> <span class='ocrx_word' id='word_1_12' title='bbox 1248 202 1414 242; x_wconf 77' lang='lat' dir='ltr'>deterius</span> 
     </span>
     <span class='ocr_line' id='line_1_3' title="bbox 128 268 1049 314; baseline -0.014 -1"><span class='ocrx_word' id='word_1_13' title='bbox 128 273 328 314; x_wconf 80' lang='lat' dir='ltr'>defensum</span> <span class='ocrx_word' id='word_1_14' title='bbox 352 285 458 312; x_wconf 87' lang='lat' dir='ltr'>reum</span> <span class='ocrx_word' id='word_1_15' title='bbox 485 268 610 308; x_wconf 79' lang='lat' dir='ltr'>fuisse.</span> <span class='ocrx_word' id='word_1_16' title='bbox 1046 308 1049 310; x_wconf 24' lang='lat'>¹</span> 
     </span>
    </p>

    <p class='ocr_par' dir='ltr' id='par_1_3' title="bbox 126 324 1429 1123">
     <span class='ocr_line' id='line_1_4' title="bbox 184 324 1418 376; baseline -0.011 -1"><span class='ocrx_word' id='word_1_17' title='bbox 184 334 269 376; x_wconf 90' lang='lat' dir='ltr'>XL.</span> <span class='ocrx_word' id='word_1_18' title='bbox 304 335 412 374; x_wconf 59' lang='lat' dir='ltr'>Nam&gt;</span> <span class='ocrx_word' id='word_1_19' title='bbox 437 331 570 371; x_wconf 83' lang='lat' dir='ltr'>claufis</span> <span class='ocrx_word' id='word_1_20' title='bbox 598 335 678 368; x_wconf 81' lang='lat' dir='ltr'>tota</span> <span class='ocrx_word' id='word_1_21' title='bbox 710 327 802 367; x_wconf 85' lang='lat' dir='ltr'>urbe</span> <span class='ocrx_word' id='word_1_22' title='bbox 827 326 1017 375; x_wconf 80' lang='lat' dir='ltr'>tabernis,</span> <span class='ocrx_word' id='word_1_23' title='bbox 1048 324 1234 364; x_wconf 83' lang='lat' dir='ltr'>immensa</span> <span class='ocrx_word' id='word_1_24' title='bbox 1261 326 1317 363; x_wconf 86' lang='lat' dir='ltr'>vis</span> <span class='ocrx_word' id='word_1_25' title='bbox 1340 338 1418 375; x_wconf 91' lang='lat' dir='ltr'>po-</span> 
     </span>
     <span class='ocr_line' id='line_1_5' title="bbox 126 388 1418 446; baseline -0.005 -12"><span class='ocrx_word' id='word_1_26' title='bbox 126 395 210 446; x_wconf 83' lang='lat' dir='ltr'>puli</span> <span class='ocrx_word' id='word_1_27' title='bbox 244 403 486 434; x_wconf 86' lang='lat' dir='ltr'>accurrerat:</span> <span class='ocrx_word' id='word_1_28' title='bbox 526 396 561 432; x_wconf 86' lang='lat'>&amp;</span> <span class='ocrx_word' id='word_1_29' title='bbox 591 393 718 431; x_wconf 82' lang='lat' dir='ltr'>dicere</span> <span class='ocrx_word' id='word_1_30' title='bbox 752 390 1004 440; x_wconf 82' lang='lat' dir='ltr'><strong>incipientem</strong></span> <span class='ocrx_word' id='word_1_31' title='bbox 1038 388 1211 429; x_wconf 85' lang='lat' dir='ltr'>horribili</span> <span class='ocrx_word' id='word_1_32' title='bbox 1248 388 1418 427; x_wconf 76' lang='lat' dir='ltr'>clamore</span> 
     </span>
     <span class='ocr_line' id='line_1_6' title="bbox 129 451 1417 503; baseline -0.007 -5"><span class='ocrx_word' id='word_1_33' title='bbox 129 458 309 498; x_wconf 86' lang='lat' dir='ltr'>Clodiani</span> <span class='ocrx_word' id='word_1_34' title='bbox 341 465 578 503; x_wconf 81' lang='lat' dir='ltr'>terruerunt,</span> <span class='ocrx_word' id='word_1_35' title='bbox 609 467 656 492; x_wconf 89' lang='lat' dir='ltr'>ne</span> <span class='ocrx_word' id='word_1_36' title='bbox 690 452 858 491; x_wconf 88' lang='lat' dir='ltr'>militum</span> <span class='ocrx_word' id='word_1_37' title='bbox 893 454 1051 503; x_wconf 86' lang='lat' dir='ltr'>quidem</span> <span class='ocrx_word' id='word_1_38' title='bbox 1090 451 1417 497; x_wconf 83' lang='lat' dir='ltr'>circumstantium</span> 
     </span>
     <span class='ocr_line' id='line_1_7' title="bbox 129 513 1419 568; baseline -0.005 -9"><span class='ocrx_word' id='word_1_39' title='bbox 129 530 238 559; x_wconf 83' lang='lat' dir='ltr'>metu</span> <span class='ocrx_word' id='word_1_40' title='bbox 256 519 430 558; x_wconf 84' lang='lat' dir='ltr'>cohibiti.</span> <span class='ocrx_word' id='word_1_41' title='bbox 451 519 550 568; x_wconf 79' lang='lat' dir='ltr'>Ergo</span> <span class='ocrx_word' id='word_1_42' title='bbox 567 516 736 565; x_wconf 89' lang='lat' dir='ltr'>Pompeji</span> <span class='ocrx_word' id='word_1_43' title='bbox 759 515 857 564; x_wconf 76' lang='lat' dir='ltr'>J&#39;uss&#39;u</span> <span class='ocrx_word' id='word_1_44' title='bbox 875 514 1010 565; x_wconf 80' lang='lat' dir='ltr'>gladiis</span> <span class='ocrx_word' id='word_1_45' title='bbox 1027 515 1199 562; x_wconf 71' lang='lat' dir='ltr'>eduCtis,</span> <span class='ocrx_word' id='word_1_46' title='bbox 1218 513 1419 563; x_wconf 73' lang='lat' dir='ltr'>quosdam,</span> 
     </span>
     <span class='ocr_line' id='line_1_8' title="bbox 130 575 1421 626; baseline -0.005 -6"><span class='ocrx_word' id='word_1_47' title='bbox 130 594 204 620; x_wconf 85' lang='lat' dir='ltr'>nec</span> <span class='ocrx_word' id='word_1_48' title='bbox 239 589 281 620; x_wconf 86' lang='lat' dir='ltr'>ut</span> <span class='ocrx_word' id='word_1_49' title='bbox 314 580 552 624; x_wconf 83' lang='lat' dir='ltr'>sauciarent,</span> <span class='ocrx_word' id='word_1_50' title='bbox 590 577 655 615; x_wconf 85' lang='lat' dir='ltr'>sed</span> <span class='ocrx_word' id='word_1_51' title='bbox 693 576 771 615; x_wconf 90' lang='lat' dir='ltr'>lato</span> <span class='ocrx_word' id='word_1_52' title='bbox 800 576 900 615; x_wconf 84' lang='lat' dir='ltr'>ferro</span> <span class='ocrx_word' id='word_1_53' title='bbox 931 575 1216 626; x_wconf 84' lang='lat' dir='ltr'>percusserunt:</span> <span class='ocrx_word' id='word_1_54' title='bbox 1251 576 1421 624; x_wconf 87' lang='lat' dir='ltr'>deinde,</span> 
     </span>
     <span class='ocr_line' id='line_1_9' title="bbox 132 636 1421 688; baseline -0.005 -7"><span class='ocrx_word' id='word_1_55' title='bbox 132 654 223 680; x_wconf 90' lang='lat' dir='ltr'>cum</span> <span class='ocrx_word' id='word_1_56' title='bbox 250 654 296 680; x_wconf 87' lang='lat' dir='ltr'>eo</span> <span class='ocrx_word' id='word_1_57' title='bbox 324 641 426 679; x_wconf 59' lang='lat' dir='ltr'>fafto</span> <span class='ocrx_word' id='word_1_58' title='bbox 447 640 569 688; x_wconf 83' lang='lat' dir='ltr'>ma&#39;gis</span> <span class='ocrx_word' id='word_1_59' title='bbox 600 638 716 676; x_wconf 89' lang='lat' dir='ltr'>etiam</span> <span class='ocrx_word' id='word_1_60' title='bbox 741 637 897 676; x_wconf 87' lang='lat' dir='ltr'>incensa</span> <span class='ocrx_word' id='word_1_61' title='bbox 922 637 1028 687; x_wconf 88' lang='lat' dir='ltr'>vulgi</span> <span class='ocrx_word' id='word_1_62' title='bbox 1053 636 1264 687; x_wconf 80' lang='lat' dir='ltr'>petulantia</span> <span class='ocrx_word' id='word_1_63' title='bbox 1280 667 1291 684; x_wconf 83' lang='lat'><strong>‚</strong></span> <span class='ocrx_word' id='word_1_64' title='bbox 1316 636 1421 675; x_wconf 69' lang='lat' dir='ltr'>velut</span> 
     </span>
     <span class='ocr_line' id='line_1_10' title="bbox 131 694 1422 749; baseline -0.006 -7"><span class='ocrx_word' id='word_1_65' title='bbox 131 702 174 742; x_wconf 87' lang='lat' dir='ltr'>in</span> <span class='ocrx_word' id='word_1_66' title='bbox 197 716 236 742; x_wconf 90' lang='lat' dir='ltr'>re</span> <span class='ocrx_word' id='word_1_67' title='bbox 261 702 428 749; x_wconf 83' lang='lat' dir='ltr'>ludicra,</span> <span class='ocrx_word' id='word_1_68' title='bbox 453 700 627 740; x_wconf 86' lang='lat' dir='ltr'>convicia</span> <span class='ocrx_word' id='word_1_69' title='bbox 652 712 720 749; x_wconf 89' lang='lat' dir='ltr'>pro</span> <span class='ocrx_word' id='word_1_70' title='bbox 747 698 966 739; x_wconf 86' lang='lat' dir='ltr'>verberibus</span> <span class='ocrx_word' id='word_1_71' title='bbox 989 708 1202 749; x_wconf 78' lang='lat' dir='ltr'>regereret3</span> <span class='ocrx_word' id='word_1_72' title='bbox 1234 694 1422 736; x_wconf 81' lang='lat' dir='ltr'>vulnerati</span> 
     </span>
     <span class='ocr_line' id='line_1_11' title="bbox 134 759 1424 814; baseline -0.005 -10"><span class='ocrx_word' id='word_1_73' title='bbox 134 763 353 814; x_wconf 82' lang='lat' dir='ltr'>complures</span> <span class='ocrx_word' id='word_1_74' title='bbox 381 776 400 801; x_wconf 90' lang='lat' dir='ltr'>a</span> <span class='ocrx_word' id='word_1_75' title='bbox 429 761 637 808; x_wconf 84' lang='lat' dir='ltr'>militibus,</span> <span class='ocrx_word' id='word_1_76' title='bbox 670 760 824 810; x_wconf 86' lang='lat' dir='ltr'>quidam</span> <span class='ocrx_word' id='word_1_77' title='bbox 854 759 1301 799; x_wconf 67' lang='lat' dir='ltr'>etian1interfeetisunt.</span> <span class='ocrx_word' id='word_1_78' title='bbox 1344 761 1424 799; x_wconf 83' lang='lat' dir='ltr'>Hic</span> 
     </span>
     <span class='ocr_line' id='line_1_12' title="bbox 136 822 1427 875; baseline -0.005 -7"><span class='ocrx_word' id='word_1_79' title='bbox 136 838 261 868; x_wconf 87' lang='lat' dir='ltr'>metus</span> <span class='ocrx_word' id='word_1_80' title='bbox 277 824 528 875; x_wconf 80' lang='lat' dir='ltr'>tranquillum</span> <span class='ocrx_word' id='word_1_81' title='bbox 549 825 596 863; x_wconf 86' lang='lat' dir='ltr'>de</span> <span class='ocrx_word' id='word_1_82' title='bbox 616 832 742 862; x_wconf 88' lang='lat' dir='ltr'>cetero</span> <span class='ocrx_word' id='word_1_83' title='bbox 758 823 950 871; x_wconf 85' lang='lat' dir='ltr'>judicium</span> <span class='ocrx_word' id='word_1_84' title='bbox 972 822 1150 872; x_wconf 65' lang='lat' dir='ltr'>praestitit.</span> <span class='ocrx_word' id='word_1_85' title='bbox 1175 822 1285 861; x_wconf 84' lang='lat' dir='ltr'>causa</span> <span class='ocrx_word' id='word_1_86' title='bbox 1306 823 1427 861; x_wconf 88' lang='lat' dir='ltr'>utrin-</span> 
     </span>
     <span class='ocr_line' id='line_1_13' title="bbox 138 885 1427 941; baseline -0.002 -12"><span class='ocrx_word' id='word_1_87' title='bbox 138 904 213 941; x_wconf 87' lang='lat' dir='ltr'>que</span> <span class='ocrx_word' id='word_1_88' title='bbox 236 891 359 938; x_wconf 58' lang='lat' dir='ltr'>dieta,</span> <span class='ocrx_word' id='word_1_89' title='bbox 382 901 467 928; x_wconf 89' lang='lat' dir='ltr'>cum</span> <span class='ocrx_word' id='word_1_90' title='bbox 487 887 680 926; x_wconf 71' lang='lat' dir='ltr'>accusator</span> <span class='ocrx_word' id='word_1_91' title='bbox 697 888 732 925; x_wconf 63' lang='grc' dir='ltr'><strong>ἃ</strong></span> <span class='ocrx_word' id='word_1_92' title='bbox 748 898 831 924; x_wconf 88' lang='lat' dir='ltr'>reus</span> <span class='ocrx_word' id='word_1_93' title='bbox 848 898 894 924; x_wconf 84' lang='lat' dir='ltr'>ex</span> <span class='ocrx_word' id='word_1_94' title='bbox 913 897 1074 923; x_wconf 90' lang='lat' dir='ltr'>numero</span> <span class='ocrx_word' id='word_1_95' title='bbox 1090 885 1266 934; x_wconf 83' lang='lat' dir='ltr'>judicum</span> <span class='ocrx_word' id='word_1_96' title='bbox 1290 887 1427 936; x_wconf 75' lang='lat' dir='ltr'>quinos</span> 
     </span>
     <span class='ocr_line' id='line_1_14' title="bbox 136 945 1429 998; baseline -0.004 -7"><span class='ocrx_word' id='word_1_97' title='bbox 136 953 352 998; x_wconf 82' lang='lat' dir='ltr'>senatores,</span> <span class='ocrx_word' id='word_1_98' title='bbox 381 951 546 988; x_wconf 84' lang='lat' dir='ltr'>totidem</span> <span class='ocrx_word' id='word_1_99' title='bbox 575 949 723 997; x_wconf 83' lang='lat' dir='ltr'>equites</span> <span class='ocrx_word' id='word_1_100' title='bbox 751 948 786 986; x_wconf 68' lang='grc' dir='ltr'>ἃ</span> <span class='ocrx_word' id='word_1_101' title='bbox 815 946 989 984; x_wconf 89' lang='lat' dir='ltr'>tribunos</span> <span class='ocrx_word' id='word_1_102' title='bbox 1012 945 1159 984; x_wconf 81' lang='lat' dir='ltr'>aerarios</span> <span class='ocrx_word' id='word_1_103' title='bbox 1189 947 1429 996; x_wconf 67' lang='lat' dir='ltr'>reje&#39;cilsent,</span> 
     </span>
     <span class='ocr_line' id='line_1_15' title="bbox 136 1006 1429 1061; baseline -0.004 -9"><span class='ocrx_word' id='word_1_104' title='bbox 136 1025 235 1052; x_wconf 86' lang='lat' dir='ltr'>unus</span> <span class='ocrx_word' id='word_1_105' title='bbox 253 1015 288 1051; x_wconf 64' lang='grc' dir='ltr'><strong><em>ἃ</em></strong></span> <span class='ocrx_word' id='word_1_106' title='bbox 310 1011 587 1061; x_wconf 78' lang='lat' dir='ltr'>quinquaginta</span> <span class='ocrx_word' id='word_1_107' title='bbox 613 1008 839 1048; x_wconf 84' lang='lat' dir='ltr'>sententiam</span> <span class='ocrx_word' id='word_1_108' title='bbox 868 1007 1039 1046; x_wconf 89' lang='lat' dir='ltr'>tulerunt</span> <span class='ocrx_word' id='word_1_109' title='bbox 1058 1019 1067 1045; x_wconf 91' lang='lat'>:</span> <span class='ocrx_word' id='word_1_110' title='bbox 1093 1006 1336 1047; x_wconf 86' lang='lat' dir='ltr'>absolverunt</span> <span class='ocrx_word' id='word_1_111' title='bbox 1357 1019 1429 1048; x_wconf 85' lang='lat' dir='ltr'>tre-</span> 
     </span>
     <span class='ocr_line' id='line_1_16' title="bbox 139 1071 1264 1123; baseline -0.005 -8"><span class='ocrx_word' id='word_1_112' title='bbox 139 1077 293 1123; x_wconf 78' lang='lat' dir='ltr'>decim3</span> <span class='ocrx_word' id='word_1_113' title='bbox 324 1084 536 1114; x_wconf 83' lang='lat' dir='ltr'>ceterorum</span> <span class='ocrx_word' id='word_1_114' title='bbox 561 1074 737 1112; x_wconf 88' lang='lat' dir='ltr'>omnium</span> <span class='ocrx_word' id='word_1_115' title='bbox 768 1071 951 1121; x_wconf 81' lang='lat' dir='ltr'>suffragiis</span> <span class='ocrx_word' id='word_1_116' title='bbox 976 1072 1180 1110; x_wconf 79' lang='lat' dir='ltr'>damnatus</span> <span class='ocrx_word' id='word_1_117' title='bbox 1202 1071 1264 1110; x_wconf 79' lang='lat' dir='ltr'>est.</span> 
     </span>
    </p>

    <p class='ocr_par' dir='ltr' id='par_1_4' title="bbox 136 1131 1437 1930">
     <span class='ocr_line' id='line_1_17' title="bbox 192 1131 1429 1186; baseline -0.005 -9"><span class='ocrx_word' id='word_1_118' title='bbox 192 1137 296 1178; x_wconf 29' lang='lat' dir='ltr'>XLI*</span> <span class='ocrx_word' id='word_1_119' title='bbox 332 1136 535 1186; x_wconf 70' lang='lat' dir='ltr'>Quidquid</span> <span class='ocrx_word' id='word_1_120' title='bbox 573 1135 621 1173; x_wconf 90' lang='lat' dir='ltr'>de</span> <span class='ocrx_word' id='word_1_121' title='bbox 659 1133 855 1173; x_wconf 87' lang='lat' dir='ltr'>vulnerato</span> <span class='ocrx_word' id='word_1_122' title='bbox 893 1131 1032 1171; x_wconf 88' lang='lat' dir='ltr'>Clodio</span> <span class='ocrx_word' id='word_1_123' title='bbox 1064 1131 1219 1181; x_wconf 80' lang='lat' dir='ltr'>fuisset,</span> <span class='ocrx_word' id='word_1_124' title='bbox 1253 1131 1429 1172; x_wconf 76' lang='lat' dir='ltr'>occisum</span> 
     </span>
     <span class='ocr_line' id='line_1_18' title="bbox 138 1195 1429 1250; baseline -0.005 -10"><span class='ocrx_word' id='word_1_125' title='bbox 138 1200 238 1250; x_wconf 78' lang='lat' dir='ltr'>jussu</span> <span class='ocrx_word' id='word_1_126' title='bbox 266 1199 425 1240; x_wconf 83' lang='lat' dir='ltr'>Milonis</span> <span class='ocrx_word' id='word_1_127' title='bbox 456 1198 672 1236; x_wconf 83' lang='lat' dir='ltr'>constabat:</span> <span class='ocrx_word' id='word_1_128' title='bbox 710 1196 866 1246; x_wconf 88' lang='lat' dir='ltr'>ejusque</span> <span class='ocrx_word' id='word_1_129' title='bbox 901 1205 994 1234; x_wconf 87' lang='lat' dir='ltr'>nota</span> <span class='ocrx_word' id='word_1_130' title='bbox 1026 1195 1186 1234; x_wconf 81' lang='lat' dir='ltr'>audacia</span> <span class='ocrx_word' id='word_1_131' title='bbox 1221 1195 1429 1246; x_wconf 82' lang='lat' dir='ltr'>reprimen-</span> 
     </span>
     <span class='ocr_line' id='line_1_19' title="bbox 142 1257 1430 1310; baseline -0.005 -8"><span class='ocrx_word' id='word_1_132' title='bbox 142 1263 191 1302; x_wconf 88' lang='lat' dir='ltr'>da</span> <span class='ocrx_word' id='word_1_133' title='bbox 225 1260 450 1308; x_wconf 80' lang='lat' dir='ltr'>videbatur3</span> <span class='ocrx_word' id='word_1_134' title='bbox 485 1260 691 1310; x_wconf 68' lang='lat' dir='ltr'>praesertim</span> <span class='ocrx_word' id='word_1_135' title='bbox 718 1271 806 1297; x_wconf 86' lang='lat' dir='ltr'>cum</span> <span class='ocrx_word' id='word_1_136' title='bbox 838 1258 878 1296; x_wconf 86' lang='lat' dir='ltr'>in</span> <span class='ocrx_word' id='word_1_137' title='bbox 905 1257 986 1308; x_wconf 85' lang='lat' dir='ltr'>ipso</span> <span class='ocrx_word' id='word_1_138' title='bbox 1017 1257 1134 1296; x_wconf 88' lang='lat' dir='ltr'>etiam</span> <span class='ocrx_word' id='word_1_139' title='bbox 1168 1258 1312 1306; x_wconf 78' lang='lat' dir='ltr'>judicio</span> <span class='ocrx_word' id='word_1_140' title='bbox 1350 1269 1430 1296; x_wconf 86' lang='lat' dir='ltr'>non</span> 
     </span>
     <span class='ocr_line' id='line_1_20' title="bbox 139 1320 1431 1372; baseline -0.005 -9"><span class='ocrx_word' id='word_1_141' title='bbox 139 1324 351 1363; x_wconf 74' lang='lat' dir='ltr'>remitteret</span> <span class='ocrx_word' id='word_1_142' title='bbox 380 1321 557 1372; x_wconf 88' lang='lat' dir='ltr'>spiritus,</span> <span class='ocrx_word' id='word_1_143' title='bbox 593 1321 724 1360; x_wconf 89' lang='lat' dir='ltr'>tonsus</span> <span class='ocrx_word' id='word_1_144' title='bbox 764 1320 1006 1371; x_wconf 83' lang='lat' dir='ltr'>nitidusque,</span> <span class='ocrx_word' id='word_1_145' title='bbox 1049 1320 1145 1359; x_wconf 84' lang='lat' dir='ltr'>fiCCO</span> <span class='ocrx_word' id='word_1_146' title='bbox 1176 1320 1311 1369; x_wconf 88' lang='lat' dir='ltr'>vultu,</span> <span class='ocrx_word' id='word_1_147' title='bbox 1337 1334 1431 1359; x_wconf 69' lang='lat' dir='ltr'>con:-</span> 
     </span>
     <span class='ocr_line' id='line_1_21' title="bbox 141 1382 1428 1434; baseline -0.002 -8"><span class='ocrx_word' id='word_1_148' title='bbox 141 1387 253 1426; x_wconf 85' lang='lat' dir='ltr'>stanti</span> <span class='ocrx_word' id='word_1_149' title='bbox 281 1398 377 1425; x_wconf 87' lang='lat' dir='ltr'>voce</span> <span class='ocrx_word' id='word_1_150' title='bbox 413 1383 546 1434; x_wconf 89' lang='lat' dir='ltr'>susque</span> <span class='ocrx_word' id='word_1_151' title='bbox 575 1384 701 1434; x_wconf 88' lang='lat' dir='ltr'>deque</span> <span class='ocrx_word' id='word_1_152' title='bbox 738 1383 955 1433; x_wconf 86' lang='lat' dir='ltr'>periculum</span> <span class='ocrx_word' id='word_1_153' title='bbox 992 1382 1101 1422; x_wconf 88' lang='lat' dir='ltr'>suum</span> <span class='ocrx_word' id='word_1_154' title='bbox 1137 1383 1279 1422; x_wconf 82' lang='lat' dir='ltr'>habere</span> <span class='ocrx_word' id='word_1_155' title='bbox 1314 1383 1428 1424; x_wconf 48' lang='lat' dir='ltr'>visusi</span> 
     </span>
     <span class='ocr_line' id='line_1_22' title="bbox 141 1445 1432 1498; baseline -0.007 -9"><span class='ocrx_word' id='word_1_156' title='bbox 141 1448 285 1489; x_wconf 81' lang='lat' dir='ltr'>Ferunt</span> <span class='ocrx_word' id='word_1_157' title='bbox 312 1454 462 1493; x_wconf 77' lang='lat' dir='ltr'>tamen,</span> <span class='ocrx_word' id='word_1_158' title='bbox 493 1447 637 1486; x_wconf 68' lang='lat' dir='ltr'>Catonis</span> <span class='ocrx_word' id='word_1_159' title='bbox 656 1445 780 1498; x_wconf 81' lang='lat' dir='ltr'>palam</span> <span class='ocrx_word' id='word_1_160' title='bbox 804 1446 879 1483; x_wconf 77' lang='lat' dir='ltr'>lm</span> <span class='ocrx_word' id='word_1_161' title='bbox 900 1447 1073 1498; x_wconf 82' lang='lat' dir='ltr'>sententia</span> <span class='ocrx_word' id='word_1_162' title='bbox 1097 1460 1172 1484; x_wconf 85' lang='lat' dir='ltr'>eum</span> <span class='ocrx_word' id='word_1_163' title='bbox 1202 1445 1264 1497; x_wconf 77' lang='lat' dir='ltr'>effi</span> <span class='ocrx_word' id='word_1_164' title='bbox 1291 1447 1432 1498; x_wconf 58' lang='lat' dir='ltr'>abfhlm</span> 
     </span>
     <span class='ocr_line' id='line_1_23' title="bbox 143 1507 1434 1562; baseline -0.002 -13"><span class='ocrx_word' id='word_1_165' title='bbox 143 1523 239 1550; x_wconf 83' lang='lat' dir='ltr'>tum:</span> <span class='ocrx_word' id='word_1_166' title='bbox 258 1511 359 1562; x_wconf 83' lang='lat' dir='ltr'>idque</span> <span class='ocrx_word' id='word_1_167' title='bbox 375 1511 414 1561; x_wconf 89' lang='lat' dir='ltr'><em>fi</em></span> <span class='ocrx_word' id='word_1_168' title='bbox 428 1507 551 1561; x_wconf 76' lang='lat' dir='ltr'>fiuffet</span> <span class='ocrx_word' id='word_1_169' title='bbox 578 1509 762 1560; x_wconf 81' lang='lat' dir='ltr'>aliquanto</span> <span class='ocrx_word' id='word_1_170' title='bbox 785 1508 957 1546; x_wconf 74' lang='lat' dir='ltr'>maturius</span> <span class='ocrx_word' id='word_1_171' title='bbox 971 1508 1128 1559; x_wconf 67' lang='lat' dir='ltr'>fiu‘lum,</span> <span class='ocrx_word' id='word_1_172' title='bbox 1155 1522 1223 1545; x_wconf 86' lang='lat' dir='ltr'>non</span> <span class='ocrx_word' id='word_1_173' title='bbox 1242 1508 1350 1560; x_wconf 68' lang='lat' dir='ltr'>suff:</span> <span class='ocrx_word' id='word_1_174' title='bbox 1372 1510 1434 1547; x_wconf 84' lang='lat' dir='ltr'>de-</span> 
     </span>
     <span class='ocr_line' id='line_1_24' title="bbox 136 1567 1434 1625; baseline -0.001 -16"><span class='ocrx_word' id='word_1_175' title='bbox 136 1571 279 1625; x_wconf 85' lang='lat' dir='ltr'>futuros</span> <span class='ocrx_word' id='word_1_176' title='bbox 304 1577 464 1621; x_wconf 78' lang='lat' dir='ltr'>putant,</span> <span class='ocrx_word' id='word_1_177' title='bbox 485 1570 545 1620; x_wconf 82' lang='lat' dir='ltr'>qui</span> <span class='ocrx_word' id='word_1_178' title='bbox 573 1568 762 1620; x_wconf 81' lang='lat' dir='ltr'>exemplum</span> <span class='ocrx_word' id='word_1_179' title='bbox 779 1568 1008 1619; x_wconf 62' lang='lat' dir='ltr'>sequerentur.</span> <span class='ocrx_word' id='word_1_180' title='bbox 1043 1567 1279 1607; x_wconf 85' lang='lat' dir='ltr'>Damnatum</span> <span class='ocrx_word' id='word_1_181' title='bbox 1301 1575 1434 1608; x_wconf 77' lang='lat' dir='ltr'>autem</span> 
     </span>
     <span class='ocr_line' id='line_1_25' title="bbox 147 1629 1432 1682; baseline -0.002 -11"><span class='ocrx_word' id='word_1_182' title='bbox 147 1642 262 1682; x_wconf 85' lang='lat' dir='ltr'>opera</span> <span class='ocrx_word' id='word_1_183' title='bbox 287 1632 454 1678; x_wconf 79' lang='lat' dir='ltr'>maxime</span> <span class='ocrx_word' id='word_1_184' title='bbox 483 1632 551 1680; x_wconf 80' lang='lat' dir='ltr'>Ap.</span> <span class='ocrx_word' id='word_1_185' title='bbox 569 1629 720 1670; x_wconf 87' lang='lat' dir='ltr'>Claudii</span> <span class='ocrx_word' id='word_1_186' title='bbox 743 1630 1032 1681; x_wconf 84' lang='lat' dir='ltr'>pronuntiatum</span> <span class='ocrx_word' id='word_1_187' title='bbox 1054 1629 1125 1678; x_wconf 86' lang='lat' dir='ltr'>est,</span> <span class='ocrx_word' id='word_1_188' title='bbox 1145 1643 1166 1668; x_wconf 89' lang='lat' dir='ltr'>a</span> <span class='ocrx_word' id='word_1_189' title='bbox 1191 1643 1268 1679; x_wconf 85' lang='lat' dir='ltr'>quo</span> <span class='ocrx_word' id='word_1_190' title='bbox 1289 1632 1325 1669; x_wconf 71' lang='grc' dir='ltr'>δε</span> <span class='ocrx_word' id='word_1_191' title='bbox 1347 1630 1432 1680; x_wconf 79' lang='lat' dir='ltr'>lege</span> 
     </span>
     <span class='ocr_line' id='line_1_26' title="bbox 147 1691 1437 1741; baseline -0.003 -10"><span class='ocrx_word' id='word_1_192' title='bbox 147 1692 315 1732; x_wconf 78' lang='lat' dir='ltr'>ambitus</span> <span class='ocrx_word' id='word_1_193' title='bbox 343 1692 445 1741; x_wconf 87' lang='lat' dir='ltr'>apud</span> <span class='ocrx_word' id='word_1_194' title='bbox 468 1691 703 1741; x_wconf 86' lang='lat' dir='ltr'>Torquatum</span> <span class='ocrx_word' id='word_1_195' title='bbox 739 1691 888 1741; x_wconf 86' lang='lat' dir='ltr'>postero</span> <span class='ocrx_word' id='word_1_196' title='bbox 920 1691 982 1730; x_wconf 90' lang='lat' dir='ltr'>die</span> <span class='ocrx_word' id='word_1_197' title='bbox 1011 1691 1241 1741; x_wconf 70' lang='lat' dir='ltr'>postulatus,</span> <span class='ocrx_word' id='word_1_198' title='bbox 1275 1693 1437 1731; x_wconf 83' lang='lat' dir='ltr'>damna-</span> 
     </span>
     <span class='ocr_line' id='line_1_27' title="bbox 145 1752 1434 1805; baseline 0.002 -13"><span class='ocrx_word' id='word_1_199' title='bbox 145 1763 206 1793; x_wconf 83' lang='lat' dir='ltr'>tus</span> <span class='ocrx_word' id='word_1_200' title='bbox 231 1753 283 1792; x_wconf 85' lang='lat' dir='ltr'>est</span> <span class='ocrx_word' id='word_1_201' title='bbox 308 1752 452 1792; x_wconf 81' lang='lat' dir='ltr'>absens.</span> <span class='ocrx_word' id='word_1_202' title='bbox 491 1753 625 1791; x_wconf 86' lang='lat' dir='ltr'>ceteris</span> <span class='ocrx_word' id='word_1_203' title='bbox 642 1753 756 1791; x_wconf 89' lang='lat' dir='ltr'>etiam</span> <span class='ocrx_word' id='word_1_204' title='bbox 780 1753 936 1802; x_wconf 83' lang='lat' dir='ltr'>judiciis</span> <span class='ocrx_word' id='word_1_205' title='bbox 955 1752 1158 1805; x_wconf 85' lang='lat' dir='ltr'>(pluribus</span> <span class='ocrx_word' id='word_1_206' title='bbox 1183 1753 1287 1792; x_wconf 88' lang='lat' dir='ltr'>enim</span> <span class='ocrx_word' id='word_1_207' title='bbox 1308 1754 1434 1794; x_wconf 47' lang='lat' dir='ltr'>faesus·</span> 
     </span>
     <span class='ocr_line' id='line_1_28' title="bbox 148 1816 1436 1867; baseline 0.002 -12"><span class='ocrx_word' id='word_1_208' title='bbox 148 1829 233 1857; x_wconf 80' lang='lat' dir='ltr'>reus</span> <span class='ocrx_word' id='word_1_209' title='bbox 255 1818 406 1866; x_wconf 77' lang='lat' dir='ltr'>fuerat)</span> <span class='ocrx_word' id='word_1_210' title='bbox 436 1817 576 1855; x_wconf 85' lang='lat' dir='ltr'>tristem</span> <span class='ocrx_word' id='word_1_211' title='bbox 603 1816 788 1855; x_wconf 83' lang='lat' dir='ltr'>abstulisse</span> <span class='ocrx_word' id='word_1_212' title='bbox 815 1816 1067 1864; x_wconf 84' lang='lat' dir='ltr'>sententiam,</span> <span class='ocrx_word' id='word_1_213' title='bbox 1090 1818 1235 1867; x_wconf 83' lang='lat' dir='ltr'>reperio</span> <span class='ocrx_word' id='word_1_214' title='bbox 1258 1831 1267 1857; x_wconf 89' lang='lat'><strong>:</strong></span> <span class='ocrx_word' id='word_1_215' title='bbox 1304 1819 1353 1857; x_wconf 90' lang='lat' dir='ltr'>de</span> <span class='ocrx_word' id='word_1_216' title='bbox 1377 1819 1436 1858; x_wconf 92' lang='lat' dir='ltr'>so-</span> 
     </span>
     <span class='ocr_line' id='line_1_29' title="bbox 151 1876 1272 1930; baseline -0.001 -9"><span class='ocrx_word' id='word_1_217' title='bbox 151 1880 292 1921; x_wconf 84' lang='lat' dir='ltr'>dalitiis</span> <span class='ocrx_word' id='word_1_218' title='bbox 315 1881 420 1930; x_wconf 86' lang='lat' dir='ltr'>apud</span> <span class='ocrx_word' id='word_1_219' title='bbox 440 1876 495 1920; x_wconf 83' lang='lat' dir='ltr'>M.</span> <span class='ocrx_word' id='word_1_220' title='bbox 520 1879 755 1927; x_wconf 75' lang='lat' dir='ltr'>Favonium3</span> <span class='ocrx_word' id='word_1_221' title='bbox 778 1880 826 1918; x_wconf 90' lang='lat' dir='ltr'>de</span> <span class='ocrx_word' id='word_1_222' title='bbox 846 1880 881 1918; x_wconf 88' lang='lat' dir='ltr'>vi</span> <span class='ocrx_word' id='word_1_223' title='bbox 904 1881 1007 1930; x_wconf 84' lang='lat' dir='ltr'>apud</span> <span class='ocrx_word' id='word_1_224' title='bbox 1034 1878 1074 1920; x_wconf 90' lang='lat' dir='ltr'>L.</span> <span class='ocrx_word' id='word_1_225' title='bbox 1097 1880 1272 1920; x_wconf 83' lang='lat' dir='ltr'>Fabium.</span> 
     </span>
    </p>

    <p class='ocr_par' dir='ltr' id='par_1_5' title="bbox 151 1940 1440 2302">
     <span class='ocr_line' id='line_1_30' title="bbox 203 1940 1436 1992; baseline 0 -9"><span class='ocrx_word' id='word_1_226' title='bbox 203 1943 326 1983; x_wconf 86' lang='lat' dir='ltr'>XLIL</span> <span class='ocrx_word' id='word_1_227' title='bbox 367 1942 485 1992; x_wconf 76' lang='lat' dir='ltr'>Igitur</span> <span class='ocrx_word' id='word_1_228' title='bbox 517 1942 612 1979; x_wconf 86' lang='lat' dir='ltr'>intra</span> <span class='ocrx_word' id='word_1_229' title='bbox 649 1940 893 1990; x_wconf 84' lang='lat' dir='ltr'>pauciffimos</span> <span class='ocrx_word' id='word_1_230' title='bbox 929 1943 1010 1980; x_wconf 85' lang='lat' dir='ltr'>dies</span> <span class='ocrx_word' id='word_1_231' title='bbox 1044 1941 1277 1990; x_wconf 74' lang='lat' dir='ltr'>Massiliam,</span> <span class='ocrx_word' id='word_1_232' title='bbox 1313 1943 1436 1983; x_wconf 71' lang='lat' dir='ltr'>exsilii</span> 
     </span>
     <span class='ocr_line' id='line_1_31' title="bbox 151 2002 1437 2055; baseline -0.001 -11"><span class='ocrx_word' id='word_1_233' title='bbox 151 2003 290 2052; x_wconf 82' lang='lat' dir='ltr'>eausa,</span> <span class='ocrx_word' id='word_1_234' title='bbox 324 2003 518 2053; x_wconf 68' lang='lat' dir='ltr'>proferftus</span> <span class='ocrx_word' id='word_1_235' title='bbox 543 2002 605 2042; x_wconf 86' lang='lat' dir='ltr'>est.</span> <span class='ocrx_word' id='word_1_236' title='bbox 637 2003 713 2043; x_wconf 87' lang='lat' dir='ltr'>Ubi</span> <span class='ocrx_word' id='word_1_237' title='bbox 737 2016 827 2042; x_wconf 89' lang='lat' dir='ltr'>cum</span> <span class='ocrx_word' id='word_1_238' title='bbox 858 2006 1072 2042; x_wconf 86' lang='lat' dir='ltr'>orationem</span> <span class='ocrx_word' id='word_1_239' title='bbox 1100 2004 1321 2054; x_wconf 83' lang='lat' dir='ltr'>Ciceronis,</span> <span class='ocrx_word' id='word_1_240' title='bbox 1351 2013 1437 2055; x_wconf 74' lang='lat' dir='ltr'>quae</span> 
     </span>
     <span class='ocr_line' id='line_1_32' title="bbox 155 2063 1440 2117; baseline 0.001 -14"><span class='ocrx_word' id='word_1_241' title='bbox 155 2066 284 2117; x_wconf 77' lang='lat' dir='ltr'>postea</span> <span class='ocrx_word' id='word_1_242' title='bbox 310 2064 524 2114; x_wconf 65' lang='lat' dir='ltr'>conscripta</span> <span class='ocrx_word' id='word_1_243' title='bbox 556 2064 632 2110; x_wconf 76' lang='lat' dir='ltr'>est,</span> <span class='ocrx_word' id='word_1_244' title='bbox 665 2063 812 2103; x_wconf 73' lang='lat' dir='ltr'>missam</span> <span class='ocrx_word' id='word_1_245' title='bbox 842 2066 890 2103; x_wconf 86' lang='lat' dir='ltr'>ad</span> <span class='ocrx_word' id='word_1_246' title='bbox 917 2064 953 2103; x_wconf 86' lang='lat' dir='ltr'>se</span> <span class='ocrx_word' id='word_1_247' title='bbox 975 2065 1144 2115; x_wconf 73' lang='lat' dir='ltr'>legeret,</span> <span class='ocrx_word' id='word_1_248' title='bbox 1181 2065 1313 2105; x_wconf 77' lang='lat' dir='ltr'>dixisse</span> <span class='ocrx_word' id='word_1_249' title='bbox 1335 2066 1440 2104; x_wconf 90' lang='lat' dir='ltr'>dici-</span> 
     </span>
     <span class='ocr_line' id='line_1_33' title="bbox 154 2128 1438 2182; baseline -0.002 -13"><span class='ocrx_word' id='word_1_250' title='bbox 154 2140 238 2170; x_wconf 79' lang='lat' dir='ltr'>tur:</span> <span class='ocrx_word' id='word_1_251' title='bbox 274 2130 395 2176; x_wconf 63' lang='lat' dir='ltr'>Bene,</span> <span class='ocrx_word' id='word_1_252' title='bbox 420 2129 514 2180; x_wconf 83' lang='lat' dir='ltr'>quod</span> <span class='ocrx_word' id='word_1_253' title='bbox 533 2129 584 2166; x_wconf 82' lang='lat' dir='ltr'>ita</span> <span class='ocrx_word' id='word_1_254' title='bbox 605 2142 675 2166; x_wconf 84' lang='lat' dir='ltr'>non</span> <span class='ocrx_word' id='word_1_255' title='bbox 692 2130 772 2181; x_wconf 86' lang='lat' dir='ltr'>sum</span> <span class='ocrx_word' id='word_1_256' title='bbox 796 2128 957 2181; x_wconf 78' lang='lat' dir='ltr'>defensus</span> <span class='ocrx_word' id='word_1_257' title='bbox 985 2129 1204 2182; x_wconf 75' lang='lat' dir='ltr'>injudicio:</span> <span class='ocrx_word' id='word_1_258' title='bbox 1235 2145 1327 2167; x_wconf 81' lang='lat' dir='ltr'>nunc</span> <span class='ocrx_word' id='word_1_259' title='bbox 1347 2130 1438 2167; x_wconf 81' lang='lat' dir='ltr'>enim</span> 
     </span>
     <span class='ocr_line' id='line_1_34' title="bbox 154 2188 1440 2241; baseline -0.001 -11"><span class='ocrx_word' id='word_1_260' title='bbox 154 2204 273 2230; x_wconf 72' lang='lat' dir='ltr'>tantos</span> <span class='ocrx_word' id='word_1_261' title='bbox 303 2191 428 2228; x_wconf 70' lang='lat' dir='ltr'>mullos</span> <span class='ocrx_word' id='word_1_262' title='bbox 453 2188 620 2238; x_wconf 71' lang='lat' dir='ltr'>Maffiliae</span> <span class='ocrx_word' id='word_1_263' title='bbox 649 2204 717 2228; x_wconf 81' lang='lat' dir='ltr'>non</span> <span class='ocrx_word' id='word_1_264' title='bbox 745 2192 883 2230; x_wconf 83' lang='lat' dir='ltr'>ederem.</span> <span class='ocrx_word' id='word_1_265' title='bbox 926 2191 1028 2230; x_wconf 81' lang='lat' dir='ltr'>Bona</span> <span class='ocrx_word' id='word_1_266' title='bbox 1057 2191 1252 2238; x_wconf 78' lang='lat' dir='ltr'>damnati,</span> <span class='ocrx_word' id='word_1_267' title='bbox 1282 2198 1440 2241; x_wconf 64' lang='lat' dir='ltr'>propter*</span> 
     </span>
     <span class='ocr_line' id='line_1_35' title="bbox 158 2252 1438 2302; baseline 0 -9"><span class='ocrx_word' id='word_1_268' title='bbox 158 2254 238 2293; x_wconf 81' lang='lat' dir='ltr'>aeris</span> <span class='ocrx_word' id='word_1_269' title='bbox 261 2253 376 2292; x_wconf 75' lang='lat' dir='ltr'>alieni</span> <span class='ocrx_word' id='word_1_270' title='bbox 402 2252 732 2302; x_wconf 77' lang='lat' dir='ltr'>magnitudinem,</span> <span class='ocrx_word' id='word_1_271' title='bbox 756 2252 968 2297; x_wconf 77' lang='lat' dir='ltr'>semiuncia</span> <span class='ocrx_word' id='word_1_272' title='bbox 985 2255 1198 2293; x_wconf 86' lang='lat' dir='ltr'>venierunt.</span> <span class='ocrx_word' id='word_1_273' title='bbox 1226 2254 1438 2294; x_wconf 70' lang='lat' dir='ltr'>sestertium</span> 
     </span>
    </p>
   </div>
   <div class='ocr_carea' id='block_1_3' title="bbox 160 2376 1440 2512">
    <p class='ocr_par' dir='ltr' id='par_1_6' title="bbox 160 2376 1440 2512">
     <span class='ocr_line' id='line_1_36' title="bbox 209 2376 1440 2424; baseline 0.002 -14"><span class='ocrx_word' id='word_1_274' title='bbox 209 2377 230 2420; x_wconf 66' lang='grc' dir='ltr'>ξ</span> <span class='ocrx_word' id='word_1_275' title='bbox 255 2377 412 2413; x_wconf 67' lang='lat' dir='ltr'><strong>XXXIX.</strong></span> <span class='ocrx_word' id='word_1_276' title='bbox 434 2378 574 2411; x_wconf 77' lang='lat' dir='ltr'>Sueten.</span> <span class='ocrx_word' id='word_1_277' title='bbox 595 2379 630 2411; x_wconf 82' lang='lat' dir='ltr'>’m</span> <span class='ocrx_word' id='word_1_278' title='bbox 658 2378 743 2411; x_wconf 76' lang='lat' dir='ltr'>Caes.</span> <span class='ocrx_word' id='word_1_279' title='bbox 768 2389 800 2410; x_wconf 89' lang='lat' dir='ltr'>c.</span> <span class='ocrx_word' id='word_1_280' title='bbox 823 2378 877 2412; x_wconf 81' lang='lat'>26.</span> <span class='ocrx_word' id='word_1_281' title='bbox 894 2379 1042 2424; x_wconf 75' lang='lat' dir='ltr'>Appian.</span> <span class='ocrx_word' id='word_1_282' title='bbox 1070 2378 1092 2423; x_wconf 85' lang='lat'>§</span> <span class='ocrx_word' id='word_1_283' title='bbox 1113 2377 1184 2410; x_wconf 89' lang='lat' dir='ltr'>XL.</span> <span class='ocrx_word' id='word_1_284' title='bbox 1210 2377 1333 2421; x_wconf 76' lang='lat' dir='ltr'>Veuej.</span> <span class='ocrx_word' id='word_1_285' title='bbox 1352 2376 1440 2412; x_wconf 64' lang='lat' dir='ltr'>Dion</span> 
     </span>
     <span class='ocr_line' id='line_1_37' title="bbox 160 2421 1219 2512; baseline 0.005 -59"><span class='ocrx_word' id='word_1_286' title='bbox 160 2421 233 2455; x_wconf 66' lang='lat' dir='ltr'>dur.</span> <span class='ocrx_word' id='word_1_287' title='bbox 264 2424 404 2456; x_wconf 69' lang='lat' dir='ltr'>Sueton-</span> <span class='ocrx_word' id='word_1_288' title='bbox 432 2422 556 2456; x_wconf 62' lang='lat' dir='ltr'>Ascua.</span> <span class='ocrx_word' id='word_1_289' title='bbox 581 2425 604 2468; x_wconf 69' lang='grc'><strong><em>5</em></strong></span> <span class='ocrx_word' id='word_1_290' title='bbox 624 2423 714 2457; x_wconf 83' lang='lat' dir='ltr'><strong>XLI.</strong></span> <span class='ocrx_word' id='word_1_291' title='bbox 738 2424 829 2461; x_wconf 62' lang='grc' dir='ltr'>ΗΜ,</span> <span class='ocrx_word' id='word_1_292' title='bbox 1129 2466 1171 2512; x_wconf 76' lang='lat' dir='ltr'>R</span> <span class='ocrx_word' id='word_1_293' title='bbox 1193 2482 1219 2512; x_wconf 63' lang='lat'><em>2</em></span> 
     </span>
    </p>
   </div>
  </div>
 </body>
</html>
