<?xml version="1.0" encoding="UTF-8"?>
<!DOCTYPE html PUBLIC "-//W3C//DTD XHTML 1.0 Transitional//EN"
    "http://www.w3.org/TR/xhtml1/DTD/xhtml1-transitional.dtd">
<html xmlns="http://www.w3.org/1999/xhtml" xml:lang="en" lang="en">
 <head>
  <title>
</title>
<meta http-equiv="Content-Type" content="text/html;charset=utf-8" />
  <meta name='ocr-system' content='tesseract 3.04.00' />
  <meta name='ocr-capabilities' content='ocr_page ocr_carea ocr_par ocr_line ocrx_word'/>
</head>
<body>
  <div class='ocr_page' id='page_1' title='image "./historiarumlibri10livyuoft_0411.png"; bbox 0 0 1675 2959; ppageno 0'>
   <div class='ocr_carea' id='block_1_1' title="bbox 255 103 1319 173">
    <p class='ocr_par' dir='ltr' id='par_1_1' title="bbox 255 103 1319 173">
     <span class='ocr_line' id='line_1_1' title="bbox 255 103 1319 173; baseline 0.002 -19"><span class='ocrx_word' id='word_1_1' title='bbox 255 108 334 154; x_wconf 84' lang='lat' dir='ltr'>1N</span> <span class='ocrx_word' id='word_1_2' title='bbox 380 103 1087 154; x_wconf 80' lang='lat' dir='ltr'>LOC.L113.CXIL1V.</span> <span class='ocrx_word' id='word_1_3' title='bbox 1225 110 1319 173; x_wconf 77' lang='lat'>367]</span> 
     </span>
    </p>
   </div>
   <div class='ocr_carea' id='block_1_2' title="bbox 39 209 1329 1000">
    <p class='ocr_par' dir='ltr' id='par_1_2' title="bbox 39 209 1324 572">
     <span class='ocr_line' id='line_1_2' title="bbox 42 209 1321 263; baseline 0.002 -12"><span class='ocrx_word' id='word_1_4' title='bbox 42 209 151 261; x_wconf 75' lang='lat' dir='ltr'>sent,</span> <span class='ocrx_word' id='word_1_5' title='bbox 177 212 402 263; x_wconf 87' lang='lat' dir='ltr'>impediret;</span> <span class='ocrx_word' id='word_1_6' title='bbox 428 210 518 260; x_wconf 83' lang='lat' dir='ltr'>ille,</span> <span class='ocrx_word' id='word_1_7' title='bbox 542 220 585 250; x_wconf 87' lang='lat' dir='ltr'>ut</span> <span class='ocrx_word' id='word_1_8' title='bbox 610 218 771 250; x_wconf 81' lang='lat' dir='ltr'>conatus</span> <span class='ocrx_word' id='word_1_9' title='bbox 796 210 970 260; x_wconf 84' lang='lat' dir='ltr'>Pompeji</span> <span class='ocrx_word' id='word_1_10' title='bbox 992 223 1111 250; x_wconf 85' lang='lat' dir='ltr'>vanos</span> <span class='ocrx_word' id='word_1_11' title='bbox 1137 212 1321 254; x_wconf 56' lang='lat' dir='ltr'>efficeret:</span> 
     </span>
     <span class='ocr_line' id='line_1_3' title="bbox 43 270 1321 323; baseline -0.003 -9"><span class='ocrx_word' id='word_1_12' title='bbox 43 273 131 314; x_wconf 88' lang='lat' dir='ltr'>Uno</span> <span class='ocrx_word' id='word_1_13' title='bbox 147 274 209 314; x_wconf 89' lang='lat' dir='ltr'>die</span> <span class='ocrx_word' id='word_1_14' title='bbox 225 274 382 313; x_wconf 88' lang='lat' dir='ltr'>celerius</span> <span class='ocrx_word' id='word_1_15' title='bbox 396 273 563 312; x_wconf 88' lang='lat' dir='ltr'>occurrit</span> <span class='ocrx_word' id='word_1_16' title='bbox 578 272 762 323; x_wconf 76' lang='lat' dir='ltr'>Magnus,</span> <span class='ocrx_word' id='word_1_17' title='bbox 780 272 867 322; x_wconf 90' lang='lat' dir='ltr'>quia</span> <span class='ocrx_word' id='word_1_18' title='bbox 888 270 1036 310; x_wconf 88' lang='lat' dir='ltr'>nullum</span> <span class='ocrx_word' id='word_1_19' title='bbox 1055 271 1111 310; x_wconf 81' lang='lat' dir='ltr'>illi</span> <span class='ocrx_word' id='word_1_20' title='bbox 1127 274 1321 313; x_wconf 75' lang='lat' dir='ltr'>transeun-</span> 
     </span>
     <span class='ocr_line' id='line_1_4' title="bbox 44 332 1322 382; baseline -0.002 -10"><span class='ocrx_word' id='word_1_21' title='bbox 44 334 138 373; x_wconf 90' lang='lat' dir='ltr'>dum</span> <span class='ocrx_word' id='word_1_22' title='bbox 158 334 302 374; x_wconf 87' lang='lat' dir='ltr'>fiumen</span> <span class='ocrx_word' id='word_1_23' title='bbox 326 335 468 382; x_wconf 75' lang='lat' dir='ltr'>fuerat3</span> <span class='ocrx_word' id='word_1_24' title='bbox 492 333 677 374; x_wconf 77' lang='lat' dir='ltr'>Caesarem</span> <span class='ocrx_word' id='word_1_25' title='bbox 705 333 847 372; x_wconf 89' lang='lat' dir='ltr'>vadum</span> <span class='ocrx_word' id='word_1_26' title='bbox 880 332 1125 382; x_wconf 79' lang='lat' dir='ltr'>quaerendum</span> <span class='ocrx_word' id='word_1_27' title='bbox 1150 335 1322 374; x_wconf 78' lang='lat' dir='ltr'>tardave-</span> 
     </span>
     <span class='ocr_line' id='line_1_5' title="bbox 42 394 1324 438; baseline 0.003 -4"><span class='ocrx_word' id='word_1_28' title='bbox 42 404 112 434; x_wconf 83' lang='lat' dir='ltr'>rat.</span> <span class='ocrx_word' id='word_1_29' title='bbox 144 396 220 436; x_wconf 87' lang='lat' dir='ltr'>Sed</span> <span class='ocrx_word' id='word_1_30' title='bbox 248 397 424 436; x_wconf 86' lang='lat' dir='ltr'>adversus</span> <span class='ocrx_word' id='word_1_31' title='bbox 450 399 525 436; x_wconf 86' lang='lat' dir='ltr'>vim</span> <span class='ocrx_word' id='word_1_32' title='bbox 558 396 722 435; x_wconf 85' lang='lat' dir='ltr'>hostium</span> <span class='ocrx_word' id='word_1_33' title='bbox 745 397 932 436; x_wconf 83' lang='lat' dir='ltr'>Antonius</span> <span class='ocrx_word' id='word_1_34' title='bbox 954 394 1080 435; x_wconf 87' lang='lat' dir='ltr'>castris</span> <span class='ocrx_word' id='word_1_35' title='bbox 1112 394 1150 434; x_wconf 90' lang='lat' dir='ltr'>se</span> <span class='ocrx_word' id='word_1_36' title='bbox 1172 399 1294 436; x_wconf 86' lang='lat' dir='ltr'>tenuit</span> <span class='ocrx_word' id='word_1_37' title='bbox 1310 410 1324 438; x_wconf 76' lang='lat'>2</span> 
     </span>
     <span class='ocr_line' id='line_1_6' title="bbox 39 454 1323 511; baseline 0.004 -16"><span class='ocrx_word' id='word_1_38' title='bbox 39 454 268 507; x_wconf 83' lang='lat' dir='ltr'>superventu</span> <span class='ocrx_word' id='word_1_39' title='bbox 296 460 438 498; x_wconf 86' lang='lat' dir='ltr'>deinde</span> <span class='ocrx_word' id='word_1_40' title='bbox 467 458 618 499; x_wconf 80' lang='lat' dir='ltr'>Caesaris</span> <span class='ocrx_word' id='word_1_41' title='bbox 647 459 848 508; x_wconf 75' lang='lat' dir='ltr'>pompejus</span> <span class='ocrx_word' id='word_1_42' title='bbox 872 459 921 497; x_wconf 91' lang='lat' dir='ltr'>ad</span> <span class='ocrx_word' id='word_1_43' title='bbox 947 456 1228 509; x_wconf 82' lang='lat' dir='ltr'>Dyrrhachium</span> <span class='ocrx_word' id='word_1_44' title='bbox 1249 473 1323 511; x_wconf 83' lang='lat' dir='ltr'>pu-</span> 
     </span>
     <span class='ocr_line' id='line_1_7' title="bbox 40 517 1034 574; baseline 0.003 -16"><span class='ocrx_word' id='word_1_45' title='bbox 40 517 115 559; x_wconf 85' lang='lat' dir='ltr'>suit</span> <span class='ocrx_word' id='word_1_46' title='bbox 141 521 282 570; x_wconf 87' lang='lat' dir='ltr'>castra,</span> <span class='ocrx_word' id='word_1_47' title='bbox 288 522 396 562; x_wconf 90' lang='lat' dir='ltr'>loco</span> <span class='ocrx_word' id='word_1_48' title='bbox 418 524 584 574; x_wconf 86' lang='lat' dir='ltr'>idoneo,</span> <span class='ocrx_word' id='word_1_49' title='bbox 612 521 856 572; x_wconf 82' lang='lat' dir='ltr'>Asparagium</span> <span class='ocrx_word' id='word_1_50' title='bbox 878 531 1034 561; x_wconf 85' lang='lat' dir='ltr'>vocant.</span> 
     </span>
    </p>

    <p class='ocr_par' dir='ltr' id='par_1_3' title="bbox 39 582 1329 1000">
     <span class='ocr_line' id='line_1_8' title="bbox 98 582 1325 654; baseline 0 -30"><span class='ocrx_word' id='word_1_51' title='bbox 98 582 233 624; x_wconf 88' lang='lat' dir='ltr'>XXX.</span> <span class='ocrx_word' id='word_1_52' title='bbox 266 584 548 654; x_wconf 80' lang='lat' dir='ltr'>Iheophanem</span> <span class='ocrx_word' id='word_1_53' title='bbox 569 584 732 631; x_wconf 86' lang='lat' dir='ltr'>deinde,</span> <span class='ocrx_word' id='word_1_54' title='bbox 759 595 833 631; x_wconf 93' lang='lat' dir='ltr'>quo</span> <span class='ocrx_word' id='word_1_55' title='bbox 862 583 1042 638; x_wconf 71' lang='lat' dir='ltr'>praefecsto</span> <span class='ocrx_word' id='word_1_56' title='bbox 1064 583 1216 624; x_wconf 84' lang='lat' dir='ltr'>fabrum</span> <span class='ocrx_word' id='word_1_57' title='bbox 1241 591 1325 625; x_wconf 83' lang='lat' dir='ltr'>ute-</span> 
     </span>
     <span class='ocr_line' id='line_1_9' title="bbox 44 641 1326 695; baseline 0.003 -13"><span class='ocrx_word' id='word_1_58' title='bbox 44 641 184 693; x_wconf 85' lang='lat' dir='ltr'>batur,</span> <span class='ocrx_word' id='word_1_59' title='bbox 214 647 337 695; x_wconf 67' lang='lat' dir='ltr'>misit,</span> <span class='ocrx_word' id='word_1_60' title='bbox 365 645 429 695; x_wconf 88' lang='lat' dir='ltr'>qui</span> <span class='ocrx_word' id='word_1_61' title='bbox 454 644 631 684; x_wconf 86' lang='lat' dir='ltr'>Rhodios</span> <span class='ocrx_word' id='word_1_62' title='bbox 653 643 785 682; x_wconf 73' lang='lat' dir='ltr'>amissa</span> <span class='ocrx_word' id='word_1_63' title='bbox 810 642 920 682; x_wconf 71' lang='lat' dir='ltr'>classe</span> <span class='ocrx_word' id='word_1_64' title='bbox 952 643 1228 695; x_wconf 83' lang='lat' dir='ltr'>consolaretur,</span> <span class='ocrx_word' id='word_1_65' title='bbox 1252 662 1326 686; x_wconf 77' lang='lat' dir='ltr'>non</span> 
     </span>
     <span class='ocr_line' id='line_1_10' title="bbox 39 704 1323 759; baseline 0.002 -16"><span class='ocrx_word' id='word_1_66' title='bbox 39 707 86 744; x_wconf 85' lang='lat' dir='ltr'>ab</span> <span class='ocrx_word' id='word_1_67' title='bbox 106 707 256 759; x_wconf 78' lang='lat' dir='ltr'>hostibus</span> <span class='ocrx_word' id='word_1_68' title='bbox 281 719 418 758; x_wconf 75' lang='lat' dir='ltr'>accepto</span> <span class='ocrx_word' id='word_1_69' title='bbox 442 707 668 750; x_wconf 74' lang='lat' dir='ltr'>detrimento,</span> <span class='ocrx_word' id='word_1_70' title='bbox 690 705 755 754; x_wconf 84' lang='lat' dir='ltr'>sed</span> <span class='ocrx_word' id='word_1_71' title='bbox 781 704 885 742; x_wconf 76' lang='lat' dir='ltr'>illato</span> <span class='ocrx_word' id='word_1_72' title='bbox 915 706 1191 758; x_wconf 80' lang='lat' dir='ltr'>tempestatibus‚·</span> <span class='ocrx_word' id='word_1_73' title='bbox 1216 723 1323 759; x_wconf 84' lang='lat' dir='ltr'>neque</span> 
     </span>
     <span class='ocr_line' id='line_1_11' title="bbox 40 763 1322 822; baseline 0.002 -19"><span class='ocrx_word' id='word_1_74' title='bbox 40 769 205 806; x_wconf 80' lang='lat' dir='ltr'>navalem</span> <span class='ocrx_word' id='word_1_75' title='bbox 227 769 364 806; x_wconf 80' lang='lat' dir='ltr'>illorum</span> <span class='ocrx_word' id='word_1_76' title='bbox 381 763 558 817; x_wconf 69' lang='lat' dir='ltr'>deliquff</span> <span class='ocrx_word' id='word_1_77' title='bbox 582 764 730 816; x_wconf 79' lang='lat' dir='ltr'><em>gloriam</em></span> <span class='ocrx_word' id='word_1_78' title='bbox 744 795 757 811; x_wconf 89' lang='lat'><em>,</em></span> <span class='ocrx_word' id='word_1_79' title='bbox 779 766 833 812; x_wconf 57' lang='grc' dir='ltr'>ὃν,</span> <span class='ocrx_word' id='word_1_80' title='bbox 849 767 940 817; x_wconf 81' lang='lat' dir='ltr'>quod</span> <span class='ocrx_word' id='word_1_81' title='bbox 966 767 1094 805; x_wconf 81' lang='lat' dir='ltr'>virium</span> <span class='ocrx_word' id='word_1_82' title='bbox 1118 769 1322 822; x_wconf 79' lang='lat' dir='ltr'>deceffiffit‚</span> 
     </span>
     <span class='ocr_line' id='line_1_12' title="bbox 40 824 1325 878; baseline -0.001 -16"><span class='ocrx_word' id='word_1_83' title='bbox 40 825 82 863; x_wconf 83' lang='lat' dir='ltr'>id</span> <span class='ocrx_word' id='word_1_84' title='bbox 100 827 234 866; x_wconf 83' lang='lat' dir='ltr'><em>abunde</em></span> <span class='ocrx_word' id='word_1_85' title='bbox 258 827 420 878; x_wconf 80' lang='lat' dir='ltr'>beneficio</span> <span class='ocrx_word' id='word_1_86' title='bbox 440 827 588 878; x_wconf 86' lang='lat' dir='ltr'>senatus</span> <span class='ocrx_word' id='word_1_87' title='bbox 611 836 714 876; x_wconf 81' lang='lat' dir='ltr'>atque</span> <span class='ocrx_word' id='word_1_88' title='bbox 737 824 895 875; x_wconf 74' lang='lat' dir='ltr'>Pempeji</span> <span class='ocrx_word' id='word_1_89' title='bbox 918 839 1171 878; x_wconf 74' lang='lat' dir='ltr'><em>recuperaturos</em></span> <span class='ocrx_word' id='word_1_90' title='bbox 1198 843 1244 865; x_wconf 74' lang='lat' dir='ltr'>ex</span> <span class='ocrx_word' id='word_1_91' title='bbox 1268 830 1325 867; x_wconf 70' lang='lat' dir='ltr'>vi..</span> 
     </span>
     <span class='ocr_line' id='line_1_13' title="bbox 41 885 1329 940; baseline 0 -14"><span class='ocrx_word' id='word_1_92' title='bbox 41 888 171 934; x_wconf 64' lang='lat' dir='ltr'>cloria,</span> <span class='ocrx_word' id='word_1_93' title='bbox 192 901 293 939; x_wconf 83' lang='lat' dir='ltr'>quam</span> <span class='ocrx_word' id='word_1_94' title='bbox 318 901 441 926; x_wconf 82' lang='lat' dir='ltr'>certam</span> <span class='ocrx_word' id='word_1_95' title='bbox 466 887 746 940; x_wconf 77' lang='lat' dir='ltr'><em>exploratamque</em></span> <span class='ocrx_word' id='word_1_96' title='bbox 769 885 831 937; x_wconf 72' lang='lat' dir='ltr'>effie</span> <span class='ocrx_word' id='word_1_97' title='bbox 857 887 894 923; x_wconf 75' lang='lat' dir='ltr'>in</span> <span class='ocrx_word' id='word_1_98' title='bbox 916 887 1089 926; x_wconf 58' lang='lat' dir='ltr'>manibus.</span> <span class='ocrx_word' id='word_1_99' title='bbox 1110 891 1159 928; x_wconf 83' lang='lat' dir='ltr'>At</span> <span class='ocrx_word' id='word_1_100' title='bbox 1178 889 1299 929; x_wconf 82' lang='lat' dir='ltr'>Caesar</span> <span class='ocrx_word' id='word_1_101' title='bbox 1312 918 1329 938; x_wconf 79' lang='lat'><strong>,</strong></span> 
     </span>
     <span class='ocr_line' id='line_1_14' title="bbox 42 947 1327 1000; baseline 0.002 -13"><span class='ocrx_word' id='word_1_102' title='bbox 42 949 122 998; x_wconf 81' lang='lat' dir='ltr'>jam</span> <span class='ocrx_word' id='word_1_103' title='bbox 149 949 346 989; x_wconf 85' lang='lat' dir='ltr'>abundans</span> <span class='ocrx_word' id='word_1_104' title='bbox 372 950 521 1000; x_wconf 82' lang='lat' dir='ltr'>copiis,</span> <span class='ocrx_word' id='word_1_105' title='bbox 552 948 622 988; x_wconf 88' lang='lat' dir='ltr'>Cn.</span> <span class='ocrx_word' id='word_1_106' title='bbox 652 947 826 989; x_wconf 85' lang='lat' dir='ltr'>Domitio</span> <span class='ocrx_word' id='word_1_107' title='bbox 851 947 1024 987; x_wconf 87' lang='lat' dir='ltr'>Calvinio</span> <span class='ocrx_word' id='word_1_108' title='bbox 1050 957 1125 988; x_wconf 84' lang='lat' dir='ltr'>tres</span> <span class='ocrx_word' id='word_1_109' title='bbox 1149 949 1327 999; x_wconf 67' lang='lat' dir='ltr'>legiones-</span> 
     </span>
    </p>
   </div>
   <div class='ocr_carea' id='block_1_3' title="bbox 42 1009 1347 1062">
    <p class='ocr_par' dir='ltr' id='par_1_4' title="bbox 42 1009 1347 1062">
     <span class='ocr_line' id='line_1_15' title="bbox 42 1009 1347 1062; baseline 0.003 -14"><span class='ocrx_word' id='word_1_110' title='bbox 42 1022 132 1049; x_wconf 87' lang='lat' dir='ltr'>cum</span> <span class='ocrx_word' id='word_1_111' title='bbox 161 1012 354 1061; x_wconf 87' lang='lat' dir='ltr'>equitibus</span> <span class='ocrx_word' id='word_1_112' title='bbox 386 1012 633 1062; x_wconf 85' lang='lat' dir='ltr'>quingentis,</span> <span class='ocrx_word' id='word_1_113' title='bbox 656 1010 701 1051; x_wconf 90' lang='lat' dir='ltr'>L.</span> <span class='ocrx_word' id='word_1_114' title='bbox 727 1009 848 1050; x_wconf 83' lang='lat' dir='ltr'>Caffio</span> <span class='ocrx_word' id='word_1_115' title='bbox 872 1009 1064 1061; x_wconf 83' lang='lat' dir='ltr'>legionem</span> <span class='ocrx_word' id='word_1_116' title='bbox 1089 1011 1256 1050; x_wconf 80' lang='lat' dir='ltr'>tironum</span> <span class='ocrx_word' id='word_1_117' title='bbox 1285 1015 1347 1052; x_wconf 62' lang='grc' dir='ltr'>ὅς’</span> 
     </span>
    </p>
   </div>
   <div class='ocr_carea' id='block_1_4' title="bbox 36 1070 1327 2232">
    <p class='ocr_par' dir='ltr' id='par_1_5' title="bbox 37 1070 1327 1428">
     <span class='ocr_line' id='line_1_16' title="bbox 42 1070 1322 1122; baseline 0.001 -12"><span class='ocrx_word' id='word_1_118' title='bbox 42 1072 188 1122; x_wconf 87' lang='lat' dir='ltr'>equites</span> <span class='ocrx_word' id='word_1_119' title='bbox 224 1073 436 1120; x_wconf 83' lang='lat' dir='ltr'>ducentos,</span> <span class='ocrx_word' id='word_1_120' title='bbox 484 1074 527 1114; x_wconf 82' lang='lat' dir='ltr'>G.</span> <span class='ocrx_word' id='word_1_121' title='bbox 561 1071 720 1113; x_wconf 75' lang='lat' dir='ltr'>Calvisio</span> <span class='ocrx_word' id='word_1_122' title='bbox 755 1071 898 1112; x_wconf 84' lang='lat' dir='ltr'>Sabino</span> <span class='ocrx_word' id='word_1_123' title='bbox 934 1070 1112 1110; x_wconf 84' lang='lat' dir='ltr'>cobortes</span> <span class='ocrx_word' id='word_1_124' title='bbox 1149 1074 1322 1122; x_wconf 82' lang='lat' dir='ltr'>quinque</span> 
     </span>
     <span class='ocr_line' id='line_1_17' title="bbox 42 1133 1325 1185; baseline 0.001 -13"><span class='ocrx_word' id='word_1_125' title='bbox 42 1144 131 1172; x_wconf 87' lang='lat' dir='ltr'>cum</span> <span class='ocrx_word' id='word_1_126' title='bbox 158 1137 289 1184; x_wconf 77' lang='lat' dir='ltr'>paucis</span> <span class='ocrx_word' id='word_1_127' title='bbox 320 1135 512 1185; x_wconf 83' lang='lat' dir='ltr'>equitibus</span> <span class='ocrx_word' id='word_1_128' title='bbox 538 1134 736 1182; x_wconf 71' lang='lat' dir='ltr'>attribuit,</span> <span class='ocrx_word' id='word_1_129' title='bbox 766 1142 808 1172; x_wconf 90' lang='lat' dir='ltr'>ut</span> <span class='ocrx_word' id='word_1_130' title='bbox 831 1145 897 1183; x_wconf 87' lang='lat' dir='ltr'>per</span> <span class='ocrx_word' id='word_1_131' title='bbox 929 1133 1038 1173; x_wconf 86' lang='lat' dir='ltr'>illum</span> <span class='ocrx_word' id='word_1_132' title='bbox 1064 1134 1325 1184; x_wconf 71' lang='lat' dir='ltr'>Macedonia,</span> 
     </span>
     <span class='ocr_line' id='line_1_18' title="bbox 40 1194 1327 1246; baseline 0.002 -13"><span class='ocrx_word' id='word_1_133' title='bbox 40 1207 110 1244; x_wconf 88' lang='lat' dir='ltr'>per</span> <span class='ocrx_word' id='word_1_134' title='bbox 137 1195 248 1234; x_wconf 85' lang='lat' dir='ltr'>istum</span> <span class='ocrx_word' id='word_1_135' title='bbox 272 1195 489 1244; x_wconf 72' lang='lat' dir='ltr'>Theffalia,</span> <span class='ocrx_word' id='word_1_136' title='bbox 514 1208 580 1246; x_wconf 86' lang='lat' dir='ltr'>per</span> <span class='ocrx_word' id='word_1_137' title='bbox 605 1194 709 1234; x_wconf 87' lang='lat' dir='ltr'>hunc</span> <span class='ocrx_word' id='word_1_138' title='bbox 733 1194 875 1234; x_wconf 77' lang='lat' dir='ltr'>ffitolia</span> <span class='ocrx_word' id='word_1_139' title='bbox 898 1195 1179 1240; x_wconf 71' lang='lat' dir='ltr'>reciperentur:</span> <span class='ocrx_word' id='word_1_140' title='bbox 1212 1195 1327 1236; x_wconf 78' lang='lat' dir='ltr'>fimul</span> 
     </span>
     <span class='ocr_line' id='line_1_19' title="bbox 39 1253 1326 1307; baseline -0.002 -11"><span class='ocrx_word' id='word_1_141' title='bbox 39 1270 98 1297; x_wconf 87' lang='lat' dir='ltr'>res</span> <span class='ocrx_word' id='word_1_142' title='bbox 123 1257 372 1298; x_wconf 87' lang='lat' dir='ltr'>frumentaria</span> <span class='ocrx_word' id='word_1_143' title='bbox 404 1258 542 1298; x_wconf 86' lang='lat' dir='ltr'>horum</span> <span class='ocrx_word' id='word_1_144' title='bbox 566 1266 683 1307; x_wconf 23' lang='lat' dir='ltr'>ope-ra</span> <span class='ocrx_word' id='word_1_145' title='bbox 712 1253 819 1292; x_wconf 86' lang='lat' dir='ltr'>fieret</span> <span class='ocrx_word' id='word_1_146' title='bbox 841 1253 1066 1303; x_wconf 83' lang='lat' dir='ltr'>expeditior.</span> <span class='ocrx_word' id='word_1_147' title='bbox 1101 1253 1180 1304; x_wconf 87' lang='lat' dir='ltr'>ipse</span> <span class='ocrx_word' id='word_1_148' title='bbox 1210 1255 1326 1294; x_wconf 88' lang='lat' dir='ltr'>Pom-</span> 
     </span>
     <span class='ocr_line' id='line_1_20' title="bbox 37 1313 1325 1372; baseline 0.002 -18"><span class='ocrx_word' id='word_1_149' title='bbox 37 1321 172 1366; x_wconf 84' lang='lat' dir='ltr'>pejum</span> <span class='ocrx_word' id='word_1_150' title='bbox 195 1315 406 1363; x_wconf 82' lang='lat' dir='ltr'>insecutus,</span> <span class='ocrx_word' id='word_1_151' title='bbox 432 1316 547 1372; x_wconf 59' lang='lat' dir='ltr'>castra</span> <span class='ocrx_word' id='word_1_152' title='bbox 574 1315 700 1355; x_wconf 81' lang='lat' dir='ltr'>castris</span> <span class='ocrx_word' id='word_1_153' title='bbox 717 1316 798 1364; x_wconf 85' lang='lat' dir='ltr'>ejus</span> <span class='ocrx_word' id='word_1_154' title='bbox 818 1313 1024 1365; x_wconf 87' lang='lat' dir='ltr'>opposuit:</span> <span class='ocrx_word' id='word_1_155' title='bbox 1060 1317 1096 1356; x_wconf 87' lang='lat'>&amp;</span> <span class='ocrx_word' id='word_1_156' title='bbox 1116 1317 1294 1367; x_wconf 86' lang='lat' dir='ltr'>postridie</span> <span class='ocrx_word' id='word_1_157' title='bbox 1312 1348 1325 1365; x_wconf 84' lang='lat'>‚</span> 
     </span>
     <span class='ocr_line' id='line_1_21' title="bbox 39 1375 1010 1428; baseline 0.001 -12"><span class='ocrx_word' id='word_1_158' title='bbox 39 1378 162 1428; x_wconf 85' lang='lat' dir='ltr'>copiis</span> <span class='ocrx_word' id='word_1_159' title='bbox 186 1378 370 1418; x_wconf 47' lang='lat' dir='ltr'>instructis</span> <span class='ocrx_word' id='word_1_160' title='bbox 386 1408 398 1425; x_wconf 84' lang='lat'>‚</span> <span class='ocrx_word' id='word_1_161' title='bbox 422 1378 647 1428; x_wconf 87' lang='lat' dir='ltr'>potestatem</span> <span class='ocrx_word' id='word_1_162' title='bbox 676 1377 875 1427; x_wconf 86' lang='lat' dir='ltr'>pugnandi</span> <span class='ocrx_word' id='word_1_163' title='bbox 904 1375 1010 1417; x_wconf 88' lang='lat' dir='ltr'>fecit.</span> 
     </span>
    </p>

    <p class='ocr_par' dir='ltr' id='par_1_6' title="bbox 36 1435 1325 2232">
     <span class='ocr_line' id='line_1_22' title="bbox 95 1435 1325 1490; baseline -0.002 -11"><span class='ocrx_word' id='word_1_164' title='bbox 95 1440 252 1479; x_wconf 78' lang='lat' dir='ltr'>XXXI,</span> <span class='ocrx_word' id='word_1_165' title='bbox 278 1440 354 1480; x_wconf 88' lang='lat' dir='ltr'>Sed</span> <span class='ocrx_word' id='word_1_166' title='bbox 380 1440 565 1490; x_wconf 84' lang='lat' dir='ltr'>Pompejo</span> <span class='ocrx_word' id='word_1_167' title='bbox 585 1438 710 1477; x_wconf 82' lang='lat' dir='ltr'>castris</span> <span class='ocrx_word' id='word_1_168' title='bbox 734 1438 770 1476; x_wconf 90' lang='lat' dir='ltr'>se</span> <span class='ocrx_word' id='word_1_169' title='bbox 796 1445 975 1485; x_wconf 81' lang='lat' dir='ltr'>tenente,</span> <span class='ocrx_word' id='word_1_170' title='bbox 1002 1435 1153 1486; x_wconf 88' lang='lat' dir='ltr'>postero</span> <span class='ocrx_word' id='word_1_171' title='bbox 1176 1437 1237 1476; x_wconf 86' lang='lat' dir='ltr'>die</span> <span class='ocrx_word' id='word_1_172' title='bbox 1255 1449 1325 1488; x_wconf 79' lang='lat' dir='ltr'>pet·</span> 
     </span>
     <span class='ocr_line' id='line_1_23' title="bbox 39 1500 1322 1554; baseline -0.001 -12"><span class='ocrx_word' id='word_1_173' title='bbox 39 1502 284 1542; x_wconf 86' lang='lat' dir='ltr'>circumitum</span> <span class='ocrx_word' id='word_1_174' title='bbox 311 1503 501 1554; x_wconf 60' lang='lat' dir='ltr'>tectasque</span> <span class='ocrx_word' id='word_1_175' title='bbox 526 1502 683 1543; x_wconf 83' lang='lat' dir='ltr'>arbustis</span> <span class='ocrx_word' id='word_1_176' title='bbox 707 1502 785 1541; x_wconf 81' lang='lat' dir='ltr'>vias</span> <span class='ocrx_word' id='word_1_177' title='bbox 816 1500 1096 1552; x_wconf 82' lang='lat' dir='ltr'>Dyrrhachium</span> <span class='ocrx_word' id='word_1_178' title='bbox 1129 1512 1322 1552; x_wconf 79' lang='lat' dir='ltr'>properat.</span> 
     </span>
     <span class='ocr_line' id='line_1_24' title="bbox 39 1560 1323 1614; baseline 0 -12"><span class='ocrx_word' id='word_1_179' title='bbox 39 1563 215 1604; x_wconf 88' lang='lat' dir='ltr'>Recurrit</span> <span class='ocrx_word' id='word_1_180' title='bbox 240 1564 379 1603; x_wconf 87' lang='lat' dir='ltr'>eodem</span> <span class='ocrx_word' id='word_1_181' title='bbox 397 1563 628 1614; x_wconf 74' lang='lat' dir='ltr'>pompejus:</span> <span class='ocrx_word' id='word_1_182' title='bbox 650 1562 715 1602; x_wconf 88' lang='lat' dir='ltr'>sed</span> <span class='ocrx_word' id='word_1_183' title='bbox 739 1563 830 1612; x_wconf 81' lang='lat' dir='ltr'>quia</span> <span class='ocrx_word' id='word_1_184' title='bbox 853 1560 1003 1601; x_wconf 74' lang='lat' dir='ltr'>Caesaris</span> <span class='ocrx_word' id='word_1_185' title='bbox 1028 1561 1226 1601; x_wconf 82' lang='lat' dir='ltr'>confilium</span> <span class='ocrx_word' id='word_1_186' title='bbox 1250 1562 1323 1602; x_wconf 74' lang='lat' dir='ltr'>ali·</span> 
     </span>
     <span class='ocr_line' id='line_1_25' title="bbox 40 1621 1317 1677; baseline -0.002 -12"><span class='ocrx_word' id='word_1_187' title='bbox 40 1634 185 1677; x_wconf 74' lang='lat' dir='ltr'>quanto</span> <span class='ocrx_word' id='word_1_188' title='bbox 212 1625 329 1665; x_wconf 85' lang='lat' dir='ltr'>serius</span> <span class='ocrx_word' id='word_1_189' title='bbox 356 1635 589 1676; x_wconf 85' lang='lat' dir='ltr'>cognoverat</span> <span class='ocrx_word' id='word_1_190' title='bbox 604 1653 616 1672; x_wconf 76' lang='lat'>,</span> <span class='ocrx_word' id='word_1_191' title='bbox 639 1623 811 1664; x_wconf 84' lang='lat' dir='ltr'>exclusus</span> <span class='ocrx_word' id='word_1_192' title='bbox 833 1621 881 1661; x_wconf 87' lang='lat' dir='ltr'>ab</span> <span class='ocrx_word' id='word_1_193' title='bbox 899 1622 1048 1673; x_wconf 90' lang='lat' dir='ltr'>oppido</span> <span class='ocrx_word' id='word_1_194' title='bbox 1062 1651 1074 1670; x_wconf 92' lang='lat'><strong>‚</strong></span> <span class='ocrx_word' id='word_1_195' title='bbox 1098 1624 1317 1674; x_wconf 83' lang='lat' dir='ltr'>propinquo</span> 
     </span>
     <span class='ocr_line' id='line_1_26' title="bbox 39 1683 1322 1743; baseline -0.004 -14"><span class='ocrx_word' id='word_1_196' title='bbox 39 1688 141 1729; x_wconf 91' lang='lat' dir='ltr'>colle</span> <span class='ocrx_word' id='word_1_197' title='bbox 171 1688 341 1743; x_wconf 83' lang='lat' dir='ltr'>(Petram</span> <span class='ocrx_word' id='word_1_198' title='bbox 368 1686 558 1727; x_wconf 75' lang='lat' dir='ltr'>vocabant</span> <span class='ocrx_word' id='word_1_199' title='bbox 582 1683 869 1736; x_wconf 84' lang='lat' dir='ltr'>Dyrrhachini)</span> <span class='ocrx_word' id='word_1_200' title='bbox 906 1684 1022 1723; x_wconf 86' lang='lat' dir='ltr'>castra</span> <span class='ocrx_word' id='word_1_201' title='bbox 1054 1684 1189 1735; x_wconf 80' lang='lat' dir='ltr'>posuit.</span> <span class='ocrx_word' id='word_1_202' title='bbox 1232 1686 1322 1725; x_wconf 83' lang='lat' dir='ltr'>Ca:-</span> 
     </span>
     <span class='ocr_line' id='line_1_27' title="bbox 37 1745 1325 1799; baseline -0.002 -9"><span class='ocrx_word' id='word_1_203' title='bbox 37 1751 120 1799; x_wconf 82' lang='lat' dir='ltr'>sar,</span> <span class='ocrx_word' id='word_1_204' title='bbox 146 1750 278 1789; x_wconf 89' lang='lat' dir='ltr'>frustra</span> <span class='ocrx_word' id='word_1_205' title='bbox 301 1748 583 1799; x_wconf 77' lang='lat' dir='ltr'>expugnatione</span> <span class='ocrx_word' id='word_1_206' title='bbox 610 1754 756 1785; x_wconf 85' lang='lat' dir='ltr'>tentata</span> <span class='ocrx_word' id='word_1_207' title='bbox 771 1775 782 1793; x_wconf 74' lang='grc'><em>,</em></span> <span class='ocrx_word' id='word_1_208' title='bbox 808 1754 962 1796; x_wconf 86' lang='lat' dir='ltr'>propter</span> <span class='ocrx_word' id='word_1_209' title='bbox 982 1745 1325 1797; x_wconf 81' lang='lat' dir='ltr'>inexpugnabilem.</span> 
     </span>
     <span class='ocr_line' id='line_1_28' title="bbox 37 1805 1323 1858; baseline -0.002 -7"><span class='ocrx_word' id='word_1_210' title='bbox 37 1812 148 1852; x_wconf 80' lang='lat' dir='ltr'>situm</span> <span class='ocrx_word' id='word_1_211' title='bbox 180 1809 283 1858; x_wconf 80' lang='lat' dir='ltr'>loci,</span> <span class='ocrx_word' id='word_1_212' title='bbox 322 1818 474 1858; x_wconf 47' lang='lat' dir='ltr'>mature,</span> <span class='ocrx_word' id='word_1_213' title='bbox 497 1806 689 1846; x_wconf 85' lang='lat' dir='ltr'>revocavit</span> <span class='ocrx_word' id='word_1_214' title='bbox 710 1805 807 1845; x_wconf 90' lang='lat' dir='ltr'>suos.</span> <span class='ocrx_word' id='word_1_215' title='bbox 858 1806 1015 1857; x_wconf 76' lang='lat' dir='ltr'>Quippe</span> <span class='ocrx_word' id='word_1_216' title='bbox 1038 1806 1323 1858; x_wconf 83' lang='lat' dir='ltr'>Dyrrhachium</span> 
     </span>
     <span class='ocr_line' id='line_1_29' title="bbox 36 1866 1318 1918; baseline -0.008 -5"><span class='ocrx_word' id='word_1_217' title='bbox 36 1873 79 1913; x_wconf 85' lang='lat' dir='ltr'>in</span> <span class='ocrx_word' id='word_1_218' title='bbox 100 1880 269 1912; x_wconf 67' lang='lat' dir='ltr'>extrema</span> <span class='ocrx_word' id='word_1_219' title='bbox 292 1869 532 1911; x_wconf 80' lang='lat' dir='ltr'>Macedoniae</span> <span class='ocrx_word' id='word_1_220' title='bbox 557 1881 643 1914; x_wconf 88' lang='lat' dir='ltr'>ora,</span> <span class='ocrx_word' id='word_1_221' title='bbox 673 1880 789 1918; x_wconf 88' lang='lat' dir='ltr'>quam</span> <span class='ocrx_word' id='word_1_222' title='bbox 816 1866 910 1906; x_wconf 87' lang='lat' dir='ltr'>olim</span> <span class='ocrx_word' id='word_1_223' title='bbox 936 1866 1088 1918; x_wconf 85' lang='lat' dir='ltr'>Illyrica</span> <span class='ocrx_word' id='word_1_224' title='bbox 1109 1869 1214 1906; x_wconf 85' lang='lat' dir='ltr'>natio</span> <span class='ocrx_word' id='word_1_225' title='bbox 1235 1868 1318 1908; x_wconf 68' lang='lat' dir='ltr'>Par-</span> 
     </span>
     <span class='ocr_line' id='line_1_30' title="bbox 36 1927 1322 1982; baseline -0.007 -9"><span class='ocrx_word' id='word_1_226' title='bbox 36 1933 141 1973; x_wconf 88' lang='lat' dir='ltr'>thini</span> <span class='ocrx_word' id='word_1_227' title='bbox 162 1941 387 1980; x_wconf 84' lang='lat' dir='ltr'>tenuerunt,</span> <span class='ocrx_word' id='word_1_228' title='bbox 411 1939 544 1982; x_wconf 84' lang='lat' dir='ltr'>praeter</span> <span class='ocrx_word' id='word_1_229' title='bbox 566 1929 753 1980; x_wconf 87' lang='lat' dir='ltr'>exiguum</span> <span class='ocrx_word' id='word_1_230' title='bbox 775 1927 917 1979; x_wconf 76' lang='lat' dir='ltr'>collem</span> <span class='ocrx_word' id='word_1_231' title='bbox 936 1928 1104 1979; x_wconf 87' lang='lat' dir='ltr'>undique</span> <span class='ocrx_word' id='word_1_232' title='bbox 1126 1930 1221 1968; x_wconf 89' lang='lat' dir='ltr'>mari</span> <span class='ocrx_word' id='word_1_233' title='bbox 1241 1929 1322 1968; x_wconf 82' lang='lat' dir='ltr'>cin.</span> 
     </span>
     <span class='ocr_line' id='line_1_31' title="bbox 38 1989 1318 2049; baseline -0.005 -13"><span class='ocrx_word' id='word_1_234' title='bbox 38 1997 162 2049; x_wconf 83' lang='lat' dir='ltr'>gitur,</span> <span class='ocrx_word' id='word_1_235' title='bbox 187 1994 384 2035; x_wconf 81' lang='lat' dir='ltr'>inacceffis</span> <span class='ocrx_word' id='word_1_236' title='bbox 408 2002 564 2045; x_wconf 86' lang='lat' dir='ltr'>propter</span> <span class='ocrx_word' id='word_1_237' title='bbox 595 1992 782 2031; x_wconf 59' lang='lat' dir='ltr'>fluctuum</span> <span class='ocrx_word' id='word_1_238' title='bbox 809 1989 1031 2030; x_wconf 84' lang='lat' dir='ltr'>violentiam</span> <span class='ocrx_word' id='word_1_239' title='bbox 1058 1989 1213 2041; x_wconf 86' lang='lat' dir='ltr'>rupibus</span> <span class='ocrx_word' id='word_1_240' title='bbox 1246 1991 1318 2031; x_wconf 84' lang='lat' dir='ltr'>im-</span> 
     </span>
     <span class='ocr_line' id='line_1_32' title="bbox 38 2051 1321 2109; baseline -0.007 -12"><span class='ocrx_word' id='word_1_241' title='bbox 38 2057 170 2109; x_wconf 82' lang='lat' dir='ltr'>posita.</span> <span class='ocrx_word' id='word_1_242' title='bbox 204 2056 320 2106; x_wconf 88' lang='lat' dir='ltr'>Igitur</span> <span class='ocrx_word' id='word_1_243' title='bbox 344 2054 463 2094; x_wconf 84' lang='lat' dir='ltr'>Caesar</span> <span class='ocrx_word' id='word_1_244' title='bbox 490 2051 729 2099; x_wconf 83' lang='lat' dir='ltr'>admirabili,</span> <span class='ocrx_word' id='word_1_245' title='bbox 760 2053 794 2104; x_wconf 70' lang='grc' dir='ltr'>ἃ</span> <span class='ocrx_word' id='word_1_246' title='bbox 821 2051 940 2091; x_wconf 88' lang='lat' dir='ltr'>hodie</span> <span class='ocrx_word' id='word_1_247' title='bbox 966 2052 1032 2091; x_wconf 80' lang='lat' dir='ltr'>vix</span> <span class='ocrx_word' id='word_1_248' title='bbox 1055 2060 1251 2101; x_wconf 83' lang='lat' dir='ltr'>repertum</span> <span class='ocrx_word' id='word_1_249' title='bbox 1276 2051 1321 2090; x_wconf 83' lang='lat' dir='ltr'>fi.</span> 
     </span>
     <span class='ocr_line' id='line_1_33' title="bbox 40 2113 1322 2166; baseline -0.005 -7"><span class='ocrx_word' id='word_1_250' title='bbox 40 2121 131 2160; x_wconf 88' lang='lat' dir='ltr'>dem</span> <span class='ocrx_word' id='word_1_251' title='bbox 160 2117 344 2166; x_wconf 76' lang='lat' dir='ltr'>confilio,</span> <span class='ocrx_word' id='word_1_252' title='bbox 381 2115 553 2166; x_wconf 81' lang='lat' dir='ltr'>PompeJ&#39;i</span> <span class='ocrx_word' id='word_1_253' title='bbox 578 2115 695 2155; x_wconf 84' lang='lat' dir='ltr'>castra</span> <span class='ocrx_word' id='word_1_254' title='bbox 726 2114 906 2165; x_wconf 87' lang='lat' dir='ltr'>operibus</span> <span class='ocrx_word' id='word_1_255' title='bbox 931 2113 1171 2153; x_wconf 81' lang='lat' dir='ltr'>circumdare</span> <span class='ocrx_word' id='word_1_256' title='bbox 1210 2115 1322 2153; x_wconf 86' lang='lat' dir='ltr'>occi-</span> 
     </span>
     <span class='ocr_line' id='line_1_34' title="bbox 39 2172 1319 2232; baseline -0.006 -14"><span class='ocrx_word' id='word_1_257' title='bbox 39 2182 119 2232; x_wconf 85' lang='lat' dir='ltr'>pit:</span> <span class='ocrx_word' id='word_1_258' title='bbox 146 2178 206 2218; x_wconf 85' lang='lat' dir='ltr'>his</span> <span class='ocrx_word' id='word_1_259' title='bbox 231 2178 351 2217; x_wconf 86' lang='lat' dir='ltr'>ferme</span> <span class='ocrx_word' id='word_1_260' title='bbox 372 2175 586 2216; x_wconf 84' lang='lat' dir='ltr'>rationibus</span> <span class='ocrx_word' id='word_1_261' title='bbox 607 2184 818 2226; x_wconf 87' lang='lat' dir='ltr'>permotus.</span> <span class='ocrx_word' id='word_1_262' title='bbox 841 2175 1022 2226; x_wconf 84' lang='lat' dir='ltr'>Equitatu</span> <span class='ocrx_word' id='word_1_263' title='bbox 1039 2172 1190 2214; x_wconf 86' lang='lat' dir='ltr'>valebat</span> <span class='ocrx_word' id='word_1_264' title='bbox 1208 2175 1319 2214; x_wconf 83' lang='lat' dir='ltr'>Pom-</span> 
     </span>
    </p>
   </div>
   <div class='ocr_carea' id='block_1_5' title="bbox 38 2237 1323 2295">
    <p class='ocr_par' dir='ltr' id='par_1_7' title="bbox 38 2237 1323 2295">
     <span class='ocr_line' id='line_1_35' title="bbox 38 2237 1323 2295; baseline -0.004 -13"><span class='ocrx_word' id='word_1_265' title='bbox 38 2245 172 2295; x_wconf 80' lang='lat' dir='ltr'>pejus,</span> <span class='ocrx_word' id='word_1_266' title='bbox 196 2243 233 2282; x_wconf 86' lang='lat'>&amp;</span> <span class='ocrx_word' id='word_1_267' title='bbox 258 2250 547 2282; x_wconf 85' lang='lat' dir='ltr'>commeatuum</span> <span class='ocrx_word' id='word_1_268' title='bbox 572 2240 710 2291; x_wconf 84' lang='lat' dir='ltr'>copia:</span> <span class='ocrx_word' id='word_1_269' title='bbox 735 2252 896 2291; x_wconf 88' lang='lat' dir='ltr'>quarum</span> <span class='ocrx_word' id='word_1_270' title='bbox 918 2251 1043 2278; x_wconf 87' lang='lat' dir='ltr'>rerum</span> <span class='ocrx_word' id='word_1_271' title='bbox 1071 2237 1187 2277; x_wconf 85' lang='lat' dir='ltr'>altera</span> <span class='ocrx_word' id='word_1_272' title='bbox 1206 2249 1323 2289; x_wconf 61' lang='lat' dir='ltr'>vexa-⁴</span> 
     </span>
    </p>
   </div>
   <div class='ocr_carea' id='block_1_6' title="bbox 42 2360 1321 2463">
    <p class='ocr_par' dir='ltr' id='par_1_8' title="bbox 42 2360 1321 2463">
     <span class='ocr_line' id='line_1_36' title="bbox 84 2360 1321 2415; baseline -0.007 -13"><span class='ocrx_word' id='word_1_273' title='bbox 84 2370 106 2413; x_wconf 81' lang='lat'>§</span> <span class='ocrx_word' id='word_1_274' title='bbox 131 2369 256 2403; x_wconf 73' lang='lat' dir='ltr'>XXIX.</span> <span class='ocrx_word' id='word_1_275' title='bbox 279 2369 368 2403; x_wconf 88' lang='lat' dir='ltr'>Plut.</span> <span class='ocrx_word' id='word_1_276' title='bbox 398 2368 483 2404; x_wconf 79' lang='lat' dir='ltr'>Caes.</span> <span class='ocrx_word' id='word_1_277' title='bbox 501 2369 523 2415; x_wconf 68' lang='lat' dir='ltr'>S</span> <span class='ocrx_word' id='word_1_278' title='bbox 548 2367 658 2403; x_wconf 87' lang='lat' dir='ltr'>XXX.</span> <span class='ocrx_word' id='word_1_279' title='bbox 679 2366 769 2403; x_wconf 73' lang='lat' dir='ltr'>Phlt.</span> <span class='ocrx_word' id='word_1_280' title='bbox 792 2366 828 2399; x_wconf 79' lang='lat' dir='ltr'>in</span> <span class='ocrx_word' id='word_1_281' title='bbox 848 2360 1321 2407; x_wconf 75' lang='lat' dir='ltr'>Cic.c.34.Diodor.l..41</span> 
     </span>
     <span class='ocr_line' id='line_1_37' title="bbox 42 2414 357 2463; baseline 0.003 -13"><span class='ocrx_word' id='word_1_282' title='bbox 42 2414 129 2463; x_wconf 50' lang='lat' dir='ltr'>C&#39;aes.</span> <span class='ocrx_word' id='word_1_283' title='bbox 150 2414 240 2450; x_wconf 74' lang='lat' dir='ltr'>flor,</span> <span class='ocrx_word' id='word_1_284' title='bbox 261 2425 336 2458; x_wconf 77' lang='lat'>4,</span> <span class='ocrx_word' id='word_1_285' title='bbox 322 2437 357 2451; x_wconf 69' lang='lat'>.-</span> 
     </span>
    </p>
   </div>
   <div class='ocr_carea' id='block_1_7' title="bbox 1429 2291 1449 2310">
    <p class='ocr_par' dir='ltr' id='par_1_9' title="bbox 1429 2291 1449 2310">
     <span class='ocr_line' id='line_1_38' title="bbox 1429 2291 1449 2310; baseline 0 0"><span class='ocrx_word' id='word_1_286' title='bbox 1429 2291 1449 2310; x_wconf 66' lang='grc'>’4</span> 
     </span>
    </p>
   </div>
  </div>
 </body>
</html>
