1675 2959
257 148 318 194 62
425 142 519 193 JO.
562 145 1056 195 FREINSHEMII
1097 147 1449 200 SUPPLEM

256 252 432 300 indiciis,
460 252 679 303 proderent.
712 264 811 291 caeca
835 261 967 293 tamen
993 267 1052 293 res
1081 262 1183 305 erat,
1215 256 1340 295 donec
1370 264 1438 309 pe'r
1460 256 1547 297 Ful.»

255 316 360 354 viam
385 315 438 354 est
470 315 690 365 patefacta,
735 313 907 353 nobilem
937 314 1161 365 mulierem,
1193 330 1275 366 quae
1302 330 1349 357 ex
1377 330 1547 358 amatore

256 377 325 418 suo
349 378 399 428 Q
416 378 558 425 Curio,
583 376 747 426 perditae
772 375 928 417 luxuriae
946 379 1086 427 juvene
1102 409 1114 428 ,
1145 388 1408 431 compertam,
1425 381 1545 421 tacito

255 440 421 491 auctoris
444 439 602 477 nomine
627 435 893 487 compluribus
921 439 1123 478 enarravit.

308 499 537 547 XXXVIII.
576 499 621 539 Id
649 499 885 549 potissimum
910 500 1029 539 causae
1050 500 1124 539 fuit
1144 502 1310 541 comitiis
1325 527 1337 551 ‚
1362 512 1430 543 cur
1450 516 1543 543 con·

253 563 362 603 sensu
387 562 560 601 omnium
575 592 586 609 ,
606 574 729 613 neque
753 576 822 613 per
842 563 1023 603 tabellam
1037 595 1048 612 ,
1075 563 1140 604 sed
1160 578 1236 604 una
1258 578 1357 605 voce
1379 566 1539 617 populi,

256 624 407 665 Tullius
432 624 716 662 renuntiaretur
743 624 871 673 priorz
906 625 940 663 ei
971 625 1121 676 collega
1151 627 1194 666 C.
1219 628 1407 668 Antonius
1433 629 1545 668 addi..

254 694 340 733 tur,
375 696 464 722 cum
495 683 545 722 ob
577 684 694 733 patris
728 685 976 732 memoriam,
1009 687 1126 736 paulo
1164 688 1393 739 specioliore
1425 702 1543 730 manu

254 747 505 796 suffragante,
535 743 711 795 pauculis
741 747 920 784 centuriis
949 747 1156 787 Catilinam
1190 749 1404 801 superaffet.
1443 751 1546 792 Con-

253 809 389 860 jurati,
416 807 508 846 licet
532 806 608 846 hoc
640 816 779 847 eventu
808 807 990 858 perculsi,
1018 819 1147 848 tamen
1175 824 1277 850 arma
1303 825 1458 862 parare,
1479 827 1548 865 pe.

257 871 390 911 eunias
415 883 577 921 cogere,
612 869 739 920 plures
761 870 800 908 in
830 870 1052 910 societatem
1077 872 1222 911 consilii
1252 875 1444 914 adducere
1464 889 1545 916 non

255 933 500 973 omittebant.
536 939 669 972 contra
697 932 830 972 Cicero
846 962 855 979 ‚
887 945 1023 983 gnarus
1039 965 1052 980 ,
1080 934 1186 983 quod
1204 937 1405 986 negotium
1428 938 1554 979 susceo.

255 994 389 1046 piffet,
417 1007 551 1034 omnes
570 1007 708 1034 nervos
733 994 973 1043 intenderat,
1008 1007 1058 1033 ne
1081 997 1173 1045 quid
1198 998 1246 1037 ad
1274 998 1462 1039 summam
1488 1001 1545 1040 di0

252 1056 451 1106 ligentiam
471 1085 482 1101 ‚
512 1055 838 1105 exactiffinrasque
869 1069 937 1105 pro
971 1056 1168 1106 republica
1203 1059 1371 1109 vigilias,
1408 1062 1544 1113 reliqui

254 1118 411 1157 faceret.
446 1115 522 1156 Hic
553 1116 669 1153 etiam
691 1127 812 1156 annus
838 1117 1014 1157 censores
1041 1118 1202 1171 habuit,
1233 1123 1336 1169 quod
1362 1124 1545 1172 proximis

253 1177 471 1218 censoribus
499 1175 605 1216 nulla
629 1188 714 1226 pars
741 1174 877 1225 populi
903 1175 1013 1213 censa
1031 1201 1042 1223 ‚
1074 1188 1200 1225 neque
1223 1179 1380 1220 lustrum
1410 1182 1544 1221 condi.

254 1250 340 1280 tum
360 1249 454 1278 erat.
490 1239 565 1278 Sed
587 1237 726 1276 horum
752 1237 869 1276 etiam
893 1236 990 1276 adeo
1021 1249 1138 1287 opera
1166 1237 1272 1278 nulla
1293 1242 1466 1293 exstant,
1502 1253 1545 1286 ut:

253 1302 413 1342 nomina
440 1302 508 1340 vix
540 1309 733 1340 eruantur.

270 1402 274 1407 ,
309 1362 507 1403 XXXIX.
530 1362 666 1401 Utrum
690 1361 795 1400 enim
821 1360 868 1410 Q
885 1356 1090 1407 Metellus,
1111 1374 1160 1400 an
1184 1360 1222 1402 P.
1248 1362 1435 1403 Isauricus
1458 1376 1546 1404 cend

255 1423 383 1463 suram
410 1432 494 1462 tum
519 1423 717 1477 gesserint,
753 1423 973 1473 ambigitur.
1023 1423 1160 1462 eadem
1185 1424 1233 1462 de
1261 1425 1300 1464 L.
1332 1425 1443 1464 Cotta
1476 1427 1546 1465 du.

259 1487 396 1526 bitatio
422 1486 544 1534 foret,
578 1486 644 1525 nili
679 1485 879 1525 Ciceronis
903 1486 993 1533 joco
1021 1484 1148 1524 fuisset
1174 1493 1340 1525 notatus.
1381 1488 1481 1527 Nam
1510 1489 1543 1528 is

254 1563 346 1590 cum
376 1551 477 1588 inter
506 1548 732 1600 petitionem
759 1546 978 1586 consulatus
1006 1548 1184 1597 prensans
1210 1549 1258 1587 de
1280 1561 1387 1587 more
1413 1548 1542 1588 homi-

254 1624 349 1658 nes,
378 1611 510 1661 sitique
536 1617 752 1659 correptus,
791 1608 1122 1648 circumstantibus
1147 1612 1182 1649 Sc
1206 1611 1422 1660 tegentibus
1449 1614 1545 1652 amia

253 1674 334 1721 cis,
360 1672 510 1712 biberet
539 1673 579 1710 in
606 1672 715 1718 foro,
746 1671 809 1710 ubi
835 1671 876 1711 L.
903 1672 1014 1710 Cotta
1040 1671 1171 1710 censor
1196 1672 1442 1723 consederat3
1464 1676 1543 1728 jure

251 1735 379 1786 inquit
400 1765 411 1783 ‚
444 1735 619 1774 timebatis·
639 1760 651 1783 5
686 1750 727 1774 ne
750 1736 963 1788 succenseret
993 1735 1079 1772 miln'
1113 1738 1256 1788 censor,
1295 1740 1389 1789 quod
1415 1750 1544 1790 aquam

250 1799 341 1838 bibo.
372 1798 462 1838 Erat
494 1797 597 1835 enim
622 1797 735 1836 Cotta
763 1796 948 1845 vinosior,
977 1799 1012 1836 δε
1041 1810 1085 1836 eo
1110 1799 1268 1836 nomine
1296 1799 1412 1849 vulgo
1439 1799 1544 1838 male

252 1860 447 1901 audiebat.
479 1860 580 1900 Huic
606 1861 724 1910 igitur
747 1858 894 1906 Cottae‚
917 1861 952 1898 ἃ
972 1851 1151 1910 collegae,
1174 1859 1341 1910 quisquis
1366 1860 1431 1900 ille
1456 1863 1542 1901 fue-

253 1924 326 1970 rit,
347 1922 521 1962 senatum
547 1922 673 1973 legere
695 1921 940 1972 cupientibus
955 1952 966 1968 ‚
988 1921 1129 1961 tribuni
1153 1921 1276 1973 plebis
1302 1923 1543 1971 restiterunt,

254 1996 304 2022 ne
331 1983 395 2033 ipsi
427 1995 580 2033 quoque
610 1982 739 2022 senatu
768 1991 1010 2022 moverentur
1033 1984 1168 2032 veriti,
1196 1983 1245 2022 ob
1276 1983 1400 2022 foedas
1425 1986 1459 2023 ὁὶ
1484 1983 1541 2022 se-

255 2045 409 2086 ditiosas
436 2047 632 2092 actiones,
670 2045 808 2095 quibus
846 2044 1114 2084 convellebant
1145 2045 1364 2095 reipublicae
1389 2046 1538 2085 statum.

254 2107 392 2149 Multae
427 2108 529 2146 enim
557 2115 647 2146 tunc
685 2109 905 2158 rogationes
946 2107 1299 2158 promulgabantur.
1343 2109 1442 2146 inter
1475 2121 1541 2147 ceu

255 2175 338 2207 tera
363 2167 401 2207 P.
427 2167 606 2207 Servilius
628 2167 761 2207 Rullus
791 2168 938 2207 ferebat
966 2169 1182 2219 Agrariam,
1208 2169 1260 2206 uri
1282 2170 1459 2207 decemviri
1484 2183 1540 2208 coa

255 2229 362 2268 Ioniis
379 2231 606 2278 deducendis,
628 2244 752 2283 agros,
773 2232 833 2285 qui
852 2231 971 2270 ubivis
988 2232 1122 2284 publici
1138 2230 1264 2283 effeta,
1276 2233 1424 2270 maxime
1440 2232 1539 2270 Cam<

304 2365 326 2409 Ε
350 2365 522 2400 XXXVII.
546 2366 618 2398 Cic.
634 2368 672 2398 de
687 2367 786 2408 petit.
807 2366 899 2399 cons.
921 2366 987 2399 &a
972 2368 1136 2401 {Attia
1159 2379 1177 2400 2
1195 2377 1248 2409 ‚23
1268 2365 1541 2400 Ascon.sa11ust.

262 2402 404 2445 catilin.
424 2420 480 2456 23
508 2411 532 2456 §
554 2411 747 2447 xxxvul.
779 2412 868 2446 Plut
892 2413 927 2445 'm
952 2394 1311 2458 cic.c.13.s'anust.
1340 2412 1540 2448 Catium<

255 2463 312 2496 17·
