1675 2959
271 127 371 179 ‘186
436 131 527 179 JO.
562 132 1066 182 FREINSHEMII
1100 135 1456 185 SUPPLEM.

272 240 336 278 fta
361 237 507 279 habens
535 239 771 279 incrementa
798 239 972 290 Caesaris‚
1001 245 1060 291 Sc,
1089 251 1131 283 ut
1154 244 1270 287 infida
1294 245 1346 284 est
1370 245 1564 296 potentiae?

227 336 233 342 .
269 299 459 349 societas,
487 301 638 342 suarum
668 313 795 340 rerum
823 302 970 342 anxius.

324 361 558 403 LXXXIX.
587 362 760 411 Idcirco,
790 375 881 413 quas
907 364 988 415 ipse
1013 365 1205 407 extulerat
1222 375 1451 419 auxeratque
1472 367 1552 407 Cae-

266 423 360 464 saris
384 438 478 475 opes
493 455 503 472 ‚
525 433 631 463 tanta
655 423 874 474 securitate,
898 434 941 465 ut
963 428 1004 465 in
1033 428 1283 469 decernendis
1308 429 1554 481 supplicatio-

265 485 380 524 nibus
414 485 638 535 ampliorem
666 485 699 524 ei
735 486 923 529 honorem
950 488 1156 538 tribueret,
1191 504 1303 541 quam
1328 492 1406 542 ipse
1434 503 1553 531 acce-

264 546 399 598 piffet3
427 559 513 593 eaS,
538 549 802 588 animadverso
830 563 981 598 errore,
1010 552 1103 591 citra
1133 551 1238 591 suam
1269 553 1451 592 invidiam
1482 554 1554 591 mi-

263 608 333 647 nui
364 607 611 648 vehementer
642 609 834 660 cupiebat.
861 611 1003 652 Urebat
1028 611 1251 661 hominem,
1275 612 1434 663 principi
1462 611 1551 651 loco

263 672 550 723 propemodum
586 685 613 711 a·
639 675 840 721 juventute
868 674 1079 723 assuetum,
1104 674 1210 714 suam
1241 676 1549 725 magnitudinem

261 733 365 783 apud
383 732 569 783 populum
590 733 767 773 vilescere
783 735 861 786 ipsa
885 735 1124 775 affuetudine
1138 737 1296 775 videndi
1315 751 1324 777 :
1351 737 1552 785 Caesarem,

262 803 307 833 ut
332 807 431 833 nova
458 796 622 845 gratiora
639 796 725 837 sunt
751 797 971 846 veteribus,
992 811 1082 837 curn
1107 798 1218 838 rebus
1243 799 1352 850 gestis
1377 799 1552 850 magnifi-

263 869 377 904 cum,
403 865 485 896 tum
507 856 606 897 ultra
625 860 815 909 gestorum
833 858 1127 910 amplitudinem
1141 890 1153 908 ‚
1177 861 1216 899 in
1237 861 1490 900 admiratione
1513 862 1551 901 &

260 929 394 956 amore
416 916 620 957 hominum
648 918 747 958 effe:
776 928 955 970 praeterea
981 928 1129 960 tantum
1153 921 1187 960 ei
1208 921 1247 960 in
1264 921 1396 961 senatu
1421 921 1552 972 quaesl-

261 986 347 1019 tum
376 972 610 1020 auetoritatis
639 981 735 1030 esse,
759 990 801 1022 ut
826 996 893 1032 per
919 982 1028 1022 illum
1051 986 1364 1034 consequeretur,
1389 998 1472 1035 quae
1498 997 1549 1024 ne

261 1053 331 1093 per
355 1041 545 1092 populum
568 1042 726 1092 quidem
742 1043 818 1082 fine
835 1043 1022 1083 seditione
1044 1045 1276 1085 assecuturus
1295 1047 1513 1096 putabatur.

317 1103 403 1145 XC.
436 1103 537 1142 Nam
567 1105 603 1143 Sc
621 1105 829 1156 stipendium
857 1105 890 1143 ei
919 1106 1116 1145 decretum
1145 1116 1224 1146 erat
1253 1123 1298 1146 ex
1331 1109 1480 1157 curario,
1510 1107 1547 1145 6·

257 1162 369 1203 'decem
384 1164 492 1217 legati
507 1195 517 1212 ‚
540 1167 674 1218 (quod
698 1179 775 1204 non
801 1167 866 1205 nisi
895 1169 1071 1208 confec‘ta
1094 1170 1290 1220 provincia
1316 1169 1436 1223 solet)
1452 1172 1545 1210 &ne

257 1226 331 1278 lege
353 1227 558 1277 Sempronia
586 1228 617 1265 ei
634 1228 880 1279 ficccederetur.
915 1231 1038 1281 Atque
1063 1232 1144 1271 haec
1168 1234 1298 1271 omnia
1313 1262 1324 1279 ‚
1354 1245 1433 1270 non
1458 1231 1549 1282 qui-

259 1286 350 1326 dem
373 1285 501 1337 palam
533 1283 770 1339 repugnante
801 1291 1012 1341 Pompejo‚
1044 1291 1212 1341 fiebant,
1235 1293 1300 1332 sed
1326 1301 1454 1332 tamen
1481 1305 1549 1343 per

257 1347 461 1387 cuniculos
489 1358 653 1389 conante
678 1350 784 1400 spem
809 1351 964 1392 eludere
994 1353 1161 1394 Caesaris.
1208 1366 1297 1392 cum
1327 1353 1546 1394 consulibus

258 1410 365 1448 enim
394 1411 498 1461 egit,
529 1427 572 1450 ne
595 1414 635 1450 de
657 1413 758 1450 rebus
782 1414 828 1452 iis
855 1429 901 1452 ex
924 1414 1034 1454 literis
1063 1415 1212 1469 Caesaris
1238 1414 1420 1467 refirre11t3
1443 1428 1546 1468 utque

252 1470 422 1523 fficcffr
445 1472 511 1524 ipsi
533 1474 635 1512 etiam
658 1485 739 1511 ante
762 1487 894 1528 tempus
918 1477 1066 1516 Vatinia
1091 1479 1162 1530 lege
1177 1478 1445 1530 comprehensum
1469 1479 1546 1517 mit.

255 1544 400 1575 teretur„
417 1535 499 1575 Nec
523 1535 679 1575 deerant
709 1537 859 1576 inimici
894 1537 1028 1579 Caesari
1045 1570 1056 1587 ‚
1078 1537 1166 1578 satis
1192 1547 1368 1589 potentes
1397 1539 1445 1578 ad
1471 1541 1545 1578 im·-

253 1596 514 1648 pediendum,
532 1598 557 1636 fi
579 1600 789 1639 concordes
810 1599 974 1645 fuiss'ent.
1006 1614 1109 1640 nunc
1134 1602 1299 1641 invicem
1327 1601 1541 1641 obtrectan-

257 1664 315 1697 tes
343 1657 672 1710 suspectantesque
695 1673 778 1711 pars
802 1663 1034 1712 praetermisit
1057 1663 1295 1702 occasionem
1315 1677 1543 1714 oppugnan-

261 1719 328 1767 di3
359 1719 473 1758 ceteri
502 1721 614 1770 pauci
647 1734 726 1761 rem
754 1722 966 1775 susceptam
992 1725 1173 1775 perficere
1201 1726 1463 1775 nequiverunt.

314 1781 420 1820 XCI.
452 1781 571 1832 Igitur
597 1782 804 1834 Pompeius
821 1816 834 1832 ,
860 1799 975 1824 unam
1001 1786 1208 1825 retinendae
1231 1787 1410 1836 potentiae
1432 1788 1544 1827 ratio-

257 1856 348 1883 nem
376 1844 563 1894 optimam
590 1855 713 1894 ratus,
742 1847 766 1886 si
793 1860 881 1887 cum
908 1849 964 1889 M.
983 1849 1108 1889 Crasso
1125 1850 1279 1888 consilia
1303 1851 1542 1898 conjunctio-

257 1918 298 1946 ra
329 1904 511 1954 haberet,
539 1906 739 1948 hominem
764 1911 897 1949 eadem
926 1911 1053 1950 omnia
1079 1911 1285 1961 agitantem
1319 1911 1447 1950 animo
1480 1912 1541 1952 fa-

256 1966 331 2007 cile
366 1970 556 2019 permovit
584 1984 592 2010 :
632 1972 963 2022 communiterque
996 1972 1184 2012 ambobus
1219 1972 1387 2022 placuit,
1418 1987 1540 2026 peten-

255 2031 337 2068 dum
363 2031 603 2083 confitlat11m‚
630 2033 664 2071 δ’
695 2035 902 2072 obtinendas
926 2036 1126 2086 provincias
1157 2036 1237 2088 ff,
1263 2051 1329 2087 quo
1358 2037 1464 2074 novis
1480 2051 1541 2089 ge-

253 2093 370 2131 rendis
395 2093 493 2130 rebus
526 2094 723 2145 rcfiicarent
747 2096 784 2133 in
815 2097 945 2135 animis
975 2098 1149 2136 hominum
1178 2099 1302 2136 veteris
1328 2100 1444 2151 gloriae
1473 2101 1538 2136 ad-

250 2155 487 2204 mirationem,
508 2157 690 2210 iisdemque
714 2160 850 2205 modis,
875 2161 1000 2211 quibus
1024 2162 1142 2212 augeri
1171 2163 1335 2213 Caesarem
1358 2163 1539 2211 videbant,

246 2216 288 2270 fis
301 2217 454 2270 suasque
475 2233 557 2271 opes
575 2230 753 2259 tuerentur.
776 2220 872 2260 Cum
890 2221 971 2260 haec
994 2223 1044 2261 ita
1060 2222 1308 2274 placuissent,
1333 2223 1537 2274 reliquum-

320 2338 342 2380 ξ
368 2339 584 2374 LXXXVIII.
623 2343 695 2377 Cic.
719 2346 759 2377 de
781 2346 915 2389 hai-usp.
943 2347 1030 2390 resp.
1057 2361 1086 2381 c.
1111 2348 1147 2379 6.
1177 2348 1196 2389 S
1223 2348 1404 2380 LXXXIX.
1437 2348 1529 2384 Plur-

257 2382 292 2415 in
316 2383 390 2433 th.
416 2396 444 2416 c.
472 2386 525 2424 48.
551 2387 695 2424 Diodor.
719 2390 791 2424 Cic.
814 2402 876 2434 pro
897 2392 985 2426 dom.
1006 2405 1036 2426 c.
1060 2403 1112 2434 ις.
1135 2393 1156 2438 §
1180 2394 1254 2429 XC.
1276 2393 1365 2430 l’lut.
1391 2394 1462 2429 (Ἀξ-
1483 2395 1524 2428 de

256 2427 390 2472 har-usp.
412 2430 496 2473 resp.
516 2443 545 2465 c.
563 2443 596 2473 4.
