1675 2959
288 0 346 77 s

275 150 354 198 IN
388 150 558 197 LOC.
598 151 728 197 LIB.
767 146 922 196 XCIX
964 149 1103 198 LIV.
1273 163 1332 200 ιτ·

1304 191 1328 218 )

54 257 212 297 omnino
235 257 485 308 quadraginta
515 268 619 296 mare
648 255 815 297 Tuscum
832 287 843 303 ‚
877 256 1090 307 Libycum,
1117 255 1335 309 Sardoum,

55 319 274 367 Corficum,
302 318 498 367 Siculum,
524 327 723 368 totumque
753 320 914 357 trac'tum
945 319 1169 358 Occidentis
1193 320 1245 359 ita
1277 334 1338 360 re-

53 383 254 434 purgavit,
282 389 324 421 ut
348 381 451 420 nulla
472 391 650 431 praeterea
670 381 894 431 praedonum
919 382 1026 421 navis
1048 381 1206 432 usquam
1230 395 1337 424 com-

52 454 210 497 pareret.
246 445 341 484 Inde
365 444 528 483 Romam
559 445 743 490 recurrit,
780 443 847 481 ubi
872 444 1004 483 consul
1035 444 1117 484 Piso
1144 459 1211 496 per
1237 448 1338 486 invi-

56 507 161 546 diam
189 508 225 547 ἅ
247 508 341 546 iram
367 515 566 557 apparatus
589 508 671 554 ejus
697 505 963 555 impediebat3
996 508 1251 558 acceptusque
1280 508 1338 548 est.

28 567 202 617 *summa
231 568 485 618 gratulatione
521 564 656 616 populi
674 597 685 615 ‚
719 573 903 616 tanquam
933 579 979 605 ex
1019 568 1200 607 diuturna
1227 582 1337 620 pere-

53 628 265 679 grinatione
285 628 504 667 revertisset.
530 630 610 677 jam
631 627 735 666 enim
755 635 895 678 pacato
915 626 1031 678 longe
1049 628 1199 680 lateque
1219 631 1342 679 mari‚'

54 703 206 730 annona
233 690 434 730 laxaverat.

109 754 304 795 XXXHI.
342 754 386 793 Id
415 753 517 792 enim
543 753 744 804 praecipuae
771 764 868 792 curae
892 751 1080 792 habuerat
1102 753 1340 805 Pompejusg

53 825 99 857 ut
129 817 323 864 Siciliam,
347 817 541 864 Africam,
568 816 805 863 Sardiniam,
838 816 909 855 tria
944 815 1193 855 frumentaria
1231 816 1340 857 urbis

53 878 240 927 subfidia‚
264 878 517 918 confirmaret.
552 879 588 917 δε
622 876 795 915 nondum
827 876 1052 926 tempestivo
1078 876 1126 915 ad
1152 879 1341 928 navigan-

56 942 151 981 dum
178 942 273 980 mari
303 953 437 979 omnes
460 939 545 979 illas
567 938 783 989 provincias
809 937 887 988 ipse
908 938 1099 978 adiverat:
1128 952 1342 992 magnaque

56 1003 94 1043 vi
126 1002 310 1042 frumenti
346 1003 389 1040 in
411 1013 528 1040 naves
551 999 750 1050 impofita,
780 1010 867 1038 cum
902 998 952 1038 ob
980 1000 1245 1050 tempestatem
1280 1016 1344 1042 or-

56 1074 138 1105 tam
173 1064 444 1116 gubernatores
481 1063 780 1109 cunctarentur,
812 1061 957 1111 primus
993 1062 1245 1112 conscendit,
1274 1079 1343 1103 an„

53 1143 230 1181 coramque
253 1127 339 1166 velli
372 1125 495 1179 jussit,
531 1122 653 1164 nobili
687 1136 783 1163 voce
811 1125 941 1174 edita,
974 1128 1143 1179 navigare
1178 1127 1344 1180 necffmi

56 1189 140 1243 effe,
166 1189 282 1228 vivere
297 1202 366 1226 non
384 1185 556 1238 neceffizm.
583 1185 711 1225 Tanto
730 1187 850 1234 major
871 1198 917 1225 eo
939 1187 1077 1228 merito
1100 1188 1217 1238 gratia
1236 1189 1344 1239 apud.

57 1250 247 1305 populum
276 1249 376 1288 fuit:
415 1260 539 1298 eoque
570 1247 787 1287 adversatus
812 1247 847 1286 ei
880 1248 1013 1287 consul
1039 1251 1254 1300 graviorem
1277 1264 1347 1291 ex-

58 1322 188 1366 pertus
203 1311 255 1350 est
273 1310 579 1361 indignationem
604 1310 802 1359 omnium3
821 1308 995 1360 nihilque
1015 1312 1169 1361 propius
1185 1312 1346 1362 factum,

60 1388 175 1427 quam
202 1382 244 1414 ut
264 1373 480 1424 magistratu
510 1372 764 1421 dejiceretur:
799 1384 961 1422 eamque
995 1373 1037 1411 in
1065 1386 1145 1413 rem
1180 1375 1347 1414 conscri-

58 1444 168 1487 ptam
191 1437 272 1484 jam
297 1434 538 1485 rogationem
561 1431 745 1471 Gabinius
771 1431 951 1472 habebat.
989 1432 1087 1482 Sed,
1116 1435 1349 1485 deprecante

60 1498 276 1550 PompejO,
303 1509 362 1535 res
390 1494 545 1535 omissa:
580 1494 671 1544 ipsi,
696 1494 886 1544 quidquid
914 1494 1111 1544 voluerat,
1139 1496 1350 1537 liberaliffi-

62 1574 127 1603 me
144 1591 154 1610 ‚
179 1563 258 1610 jam
283 1560 398 1600 etiam
419 1559 467 1598 ab
491 1557 620 1597 senatu
640 1570 794 1608 quoque
816 1558 1015 1596 decretum
1041 1558 1118 1607 est3
1147 1560 1351 1609 postquam.

62 1623 199 1663 frustra
228 1624 265 1662 ὃς
281 1634 369 1660 cum
393 1618 565 1671 periculo
581 1649 593 1668 ,
614 1618 776 1658 fortunae
802 1619 1007 1669 gratiaeque
1028 1619 1201 1671 Pompeji
1221 1621 1257 1660 se
1281 1621 1350 1661 ob·-

63 1685 136 1725 niti
167 1682 364 1723 sentiebat.

134 1745 324 1786 XXXIV.
365 1744 500 1794 Neque
527 1750 659 1782 tamen
693 1742 883 1781 retinendi
915 1741 1144 1793 conscriptas
1182 1743 1222 1782 in
1257 1743 1354 1784 cilia

66 1808 170 1846 ciam
203 1807 375 1858 legiones
401 1814 588 1856 praetextu
619 1804 754 1844 consul
779 1805 952 1854 carebat,
980 1805 1067 1855 quia
1095 1804 1256 1845 coloniae
1280 1807 1351 1846 La-

66 1872 182 1916 tinae,
209 1881 301 1919 quas
325 1866 428 1907 bello
446 1867 609 1907 Marsico
638 1866 706 1906 Cn.
734 1867 938 1916 Pompejus
962 1867 1092 1917 Magni
1121 1876 1227 1917 pater
1247 1876 1352 1907 trans

65 1933 213 1974 Padum
239 1932 472 1977 deduxerat,
493 1929 694 1980 instigante
720 1928 762 1968 C.
780 1928 946 1978 Caesare,
965 1929 1119 1969 consilia
1143 1931 1191 1969 de
1216 1939 1354 1980 peten-

24 2006 25 2009 ’
69 1995 118 2035 da
139 1994 290 2033 civitate
315 1993 491 2032 Romana
518 1992 704 2041 agitantes
731 1989 988 2041 suspicionem
1015 2004 1141 2030 rerum
1166 2003 1355 2033 novarum

70 2057 298 2096 exciverant.
331 2056 540 2106 pompejus
571 2055 677 2095 haud
704 2055 870 2103 diutius,
898 2065 1012 2105 quam
1033 2055 1225 2094 necessum
1247 2063 1355 2104 erat,

70 2117 202 2158 Romae
220 2126 408 2166 moratus,
432 2117 698 2165 Brundifium,
714 2116 781 2156 ubi
804 2116 958 2156 claffem
984 2117 1153 2168 opperiri
1176 2116 1356 2166 jufferat,

73 2181 109 2220 &
140 2179 231 2218 inde
257 2178 381 2218 versus
407 2180 608 2219 Orientem
632 2179 826 2229 profectus
855 2179 918 2218 est.
952 2180 1000 2219 At
1026 2178 1186 2226 Rhodi,
1218 2192 1358 2230 quam-

72 2253 186 2292 quam
219 2252 463 2292 properaret,
506 2241 698 2281 differenti
725 2249 855 2281 tamen
882 2241 1086 2283 Pofidonio
1119 2241 1230 2281 dedit
1264 2252 1354 2291 ope-

123 2383 144 2426 §
167 2382 308 2416 XXXII.
332 2383 443 2417 festus
463 2383 497 2415 in
517 2384 629 2416 naval.
649 2395 769 2416 coron.
798 2383 884 2416 Plin.
911 2360 1031 2426 7,*30.
1057 2383 1146 2415 Flor.
1167 2382 1253 2417 Plut.
1282 2381 1359 2414 Lim·

76 2426 170 2469 Epit.
196 2428 341 2470 Appian.
368 2428 510 2460 Diodor.
536 2430 559 2460 l.
586 2428 638 2470 36.
675 2428 696 2472 §
730 2427 1004 2460 XXXIIL-plut.
1036 2428 1162 2470 apoph.
1197 2426 1295 2461 Rom.
1323 2436 1359 2466 ἦ

73 2480 132 2516 37.
156 2471 245 2506 Idem
267 2474 303 2505 in
328 2472 446 2518 Pomp.
466 2472 612 2508 Diodor.
635 2472 708 2508 Cic.
728 2484 792 2518 pto
819 2474 885 2518 leg.
912 2472 1033 2508 Manil.
1054 2483 1084 2507 c.
1106 2482 1160 2506 η.
