1675 2959
264 98 360 148 290
427 84 526 136 JO.
557 82 824 130 FREINS
846 79 1077 127 ΗΕΜΗ
1111 78 1458 128 SUPPLEM.

264 192 384 230 timos
405 190 557 236 sensus,
581 191 617 228 8<
642 189 767 227 donec
793 186 964 224 animum
989 185 1134 225 nudare
1157 194 1420 238 opportunum
1442 187 1552 227 vide-

266 263 396 300 retur,
427 253 515 303 plus
545 264 592 289 ex
615 248 775 288 *occuito
799 255 968 285 noceret.

345 315 409 354 IV.
454 313 670 354 Maximum
704 308 873 346 hominis
910 307 1187 347 vaframentum
1222 310 1262 348 in
1295 322 1341 349 eo
1373 315 1477 356 erat,
1508 315 1553 347 ut

265 377 420 424 multis,
445 375 509 413 sed
536 371 735 417 inanibus,
757 368 881 407 effusis
906 368 944 406 in
966 368 1151 407 Caesarem
1178 371 1288 410 dic‘tis
1304 401 1316 420 ,
1342 371 1474 410 sensim
1498 370 1550 409 ad

262 450 331 485 ea,
358 442 444 487 quae
465 434 694 483 Pompejum
724 433 759 470 δὲ
789 430 997 480 optimates
1026 427 1215 468 offensura
1241 440 1370 479 erant,
1394 442 1550 482 progre-

264 501 438 545 deretur,
465 505 647 545 tanquam
679 502 899 531 neutrarum
929 490 1094 540 partium
1112 521 1124 538 ‚
1156 493 1193 530 ἃ
1218 491 1403 533 libertatis
1425 494 1552 532 custo-

261 563 368 601 diam
391 560 512 598 cuivis
540 557 670 606 gratia>
691 565 941 604 anteponens.
972 554 1055 593 Nec
1084 566 1130 592 eo
1160 554 1291 593 animo
1314 555 1382 593 ista
1406 568 1550 606 propo-

262 624 403 670 nebat,
431 630 472 659 ut
496 622 693 659 decretum
716 617 762 656 iri
789 616 978 667 speraret,
1007 624 1074 654 aut
1106 618 1267 656 omnino
1300 627 1459 667 cuperet
1482 619 1550 657 de·-

262 684 393 723 cerni:
435 681 500 721 sed
522 681 586 719 his
624 680 800 730 negatis,
836 679 924 716 ansa
957 677 1119 716 dabatur
1146 680 1209 727 ei,
1242 681 1280 718 ὃς
1304 693 1387 730 quae
1413 688 1548 720 contra

263 746 453 785 Caesarem
478 744 728 794 parabantur,
752 741 846 779 citra
871 739 1125 790 suspicionem
1149 741 1398 791 impediendi.
1429 743 1549 793 Igitur

261 809 326 848 his
363 806 675 847 contentionibus
711 817 800 843 cum
839 803 1023 853 temporis
1057 803 1295 854 permultum
1330 804 1421 843 effet
1453 817 1554 844 con-

259 872 454 919 sumtum,
487 870 647 920 indigne
675 868 713 907 se
747 868 788 906 id
823 865 922 905 ferre
955 866 1161 915 fimulans‚
1191 867 1551 912 ut‘intercalaretur

258 932 454 986 postulare
469 935 602 979 ‘coepit
617 964 629 977 ,
652 940 838 976 tanquam
861 930 983 978 spatio
1015 930 1192 978 indigens
1225 931 1274 970 ad
1299 931 1524 976 perferenda
1539 961 1551 980 ‚

290 1007 348 1033 uae
373 991 501 1031 vellet.

261 1009 289 1045 q
317 1056 362 1094 V.
396 1053 487 1095 Erat
511 1059 639 1091 autem
666 1046 918 1087 intercalandi
947 1046 1050 1096 apud
1078 1045 1297 1095 Romanos,
1327 1059 1376 1086 ex
1407 1060 1549 1099 magno

263 1129 436 1160 veterum
462 1127 585 1155 errore
609 1116 649 1151 in
671 1124 773 1150 anno
797 1109 1064 1148 constituendo
1093 1116 1175 1147 orta
1198 1109 1418 1149 necess-itas:
1445 1111 1554 1150 dein-

262 1182 314 1220 de
330 1192 376 1218 ex
398 1177 608 1217 ambitione
631 1182 693 1212 aut
713 1170 926 1221 ignorantia
945 1169 1184 1208 sacerdotum
1198 1199 1208 1217 ,
1229 1170 1364 1220 quibus
1381 1183 1426 1210 ea
1446 1183 1553 1211 com.

262 1241 370 1281 missa
398 1251 487 1277 cura
521 1237 669 1283 fuerat,
703 1231 886 1272 mirabilis
918 1231 1109 1270 confusio.
1155 1231 1255 1270 Cum
1286 1231 1389 1270 enim
1417 1232 1465 1271 ad
1492 1232 1553 1271 lu-

262 1315 324 1342 nae
350 1300 498 1340 cursum
529 1297 718 1335 institutus
743 1307 764 1332 a
792 1294 919 1333 Numa
940 1290 1128 1340 Pompilio
1163 1304 1284 1330 annus
1321 1291 1432 1341 esset,
1469 1295 1549 1333 cito

264 1355 468 1414 apparuit,
485 1359 633 1409 legibus
647 1355 804 1396 universi
822 1354 925 1393 hunc
942 1354 1116 1391 ordinem
1138 1365 1218 1391 non
1235 1365 1466 1403 congruere:
1491 1355 1553 1393 fu-

263 1434 491 1474 tutumque,
513 1430 578 1470 ut,
604 1419 743 1471 quibus
762 1417 952 1457 menfibus
979 1417 1114 1456 bruma
1135 1415 1286 1464 fuiffet,
1312 1416 1447 1455 iisdem
1466 1417 1551 1467 post

264 1503 387 1532 annos
415 1488 518 1526 haud
550 1485 735 1537 plurimos
772 1482 895 1521 meffis
917 1481 1007 1520 esset
1037 1481 1176 1520 futura.
1211 1480 1331 1529 Igitur
1360 1480 1458 1528 dies,
1487 1481 1550 1531 qui

263 1552 316 1592 ad
351 1550 513 1590 solarem
547 1557 693 1587 annum
735 1545 917 1592 dee-rant,
951 1541 1063 1582 inseri
1099 1541 1303 1581 constituto
1334 1543 1414 1591 jam
1449 1555 1550 1582 anno

262 1613 449 1666 oportuit.

322 1677 386 1716 VI.
414 1675 507 1715 Haec
533 1671 687 1711 insertio
720 1669 940 1709 intercalatio
961 1665 1252 1718 appellabatur,
1281 1679 1330 1706 ex
1351 1679 1421 1714 eo,
1446 1666 1551 1716 quod

266 1752 369 1780 nova
399 1737 490 1776 luna
512 1734 708 1786 pontifex,
734 1732 853 1770 calata
871 1760 883 1779 ,
915 1730 990 1769 hoc
1023 1729 1097 1778 est,
1133 1737 1294 1776 vocata,
1324 1729 1364 1767 in
1397 1728 1553 1778 Capito·

266 1802 364 1841 lium
399 1798 539 1850 plebe,
566 1803 662 1845 quot
688 1806 849 1832 numero
877 1792 956 1831 dies
986 1792 1034 1831 ad
1061 1803 1180 1830 nonas
1214 1789 1462 1840 superessent,
1491 1789 1551 1828 in-

270 1861 438 1902 dicabat.
462 1858 565 1898 unde
587 1858 702 1894 etiam
735 1855 817 1894 dies
834 1884 845 1902 ,
876 1855 941 1904 qui
967 1854 1111 1904 primus
1137 1851 1350 1899 calabatur,
1374 1851 1552 1889 Kalenda-

267 1941 342 1966 rum
370 1935 513 1963 nomen
539 1920 707 1959 retinuit.
749 1920 784 1958 &
812 1918 992 1968 quoniam
1028 1915 1191 1954 aliorum
1221 1914 1404 1953 mensium
1436 1915 1554 1964 quin-

263 1996 365 2028 tanae
390 1984 475 2024 sunt
502 1996 613 2022 nonae
629 2012 639 2030 ,
668 1980 832 2020 aliorum
857 1979 1096 2030 septimanae3
1131 1977 1327 2016 calabatur
1352 1989 1441 2015 cum
1473 1976 1549 2015 hoc

266 2048 508 2093 discrimine,
538 2056 581 2084 ut
607 2058 676 2096 pro
699 2045 844 2082 ratione
865 2042 1000 2081 mensis
1017 2072 1027 2090 ‚
1052 2050 1136 2090 aut,
1165 2042 1240 2078 dies
1264 2052 1296 2078 te
1318 2041 1468 2092 quinque
1491 2054 1551 2078 ca-

265 2114 301 2151 lo
323 2111 417 2150 Iuno
441 2108 581 2148 novella
597 2137 608 2155 ,
631 2115 721 2154 aut,
744 2108 871 2160 septem
891 2107 967 2143 dics
994 2117 1026 2142 te
1049 2105 1126 2143 calo
1150 2104 1244 2143 Juno
1268 2102 1430 2148 novella,
1461 2113 1549 2151 pro·

266 2175 516 2215 nuntiaretur.
541 2171 721 2210 Ceterum
748 2181 825 2206 non
850 2165 1002 2216 singulis
1028 2165 1160 2211 annis,
1188 2162 1252 2201 sed
1282 2174 1348 2211 per
1368 2161 1547 2200 oetenm'a

266 2236 387 2276 moris
416 2242 495 2272 erat
520 2230 747 2270 intercalari.
782 2242 900 2279 eaque
923 2227 1003 2279 ipsa
1035 2240 1091 2266 res
1127 2224 1357 2276 quandoque
1391 2231 1549 2273 propter

317 2352 340 2397 5
365 2352 425 2384 111.
449 2350 590 2383 Suc-ton.
615 2351 648 2381 in
674 2347 758 2380 Caes.
788 2358 816 2380 c.
845 2357 898 2388 29.
924 2346 1070 2387 Appiam.
1094 2328 1187 2376 civil.
1213 2344 1234 2374 l.
1259 2352 1292 2374 2.
1326 2340 1347 2382 §
1375 2340 1437 2374 IV.
1459 2339 1550 2373 Plut-

275 2397 313 2430 ‘m
343 2396 426 2430 Caes.
450 2408 479 2429 c.
501 2407 557 2441 43.
580 2395 665 2427 Plin.
686 2394 748 2438 36,
771 2403 824 2435 15.
847 2391 915 2427 Jnl.
937 2390 1062 2433 Obseq.
1088 2390 1109 2434 §
1131 2389 1174 2425 V.
1198 2387 1274 2421 Liv.
1297 2386 1387 2430 Epir.
