1675 2959
290 149 389 215 '3‘64
452 149 549 200 JO.
586 152 1090 203 FREINSHEMII
1124 155 1512 208 SUPPLEM.·

288 259 389 307 janae
411 257 539 299 claffes
560 262 679 299 maria
706 260 925 299 obsiderent
948 262 1142 312 undique,
1158 263 1363 303 hibernum
1388 264 1455 307 fibi
1477 272 1576 308 tenu.

286 330 362 368 pus
388 319 620 373 aptissimum
647 322 869 370 judicabat,
895 322 987 360 dum
1013 322 1158 371 hostes,
1189 325 1477 375 tempestatibus
1509 327 1576 366 de-

290 379 439 428 territi,
469 393 633 420 vacuum
665 383 700 420 Sc
725 382 998 421 incustoditum
1023 386 1224 433 trajeetum
1240 387 1517 438 relinquerent.

343 441 491 480 XXIV.
524 442 599 481 Sed
635 440 757 480 Bibuli
790 444 984 493 primum,
1015 445 1154 484 deinde
1184 447 1344 487 Libonis
1376 449 1574 499 diligentia

286 501 434 542 fanum
457 510 562 550 erat,
588 511 630 540 ut
650 503 838 542 Antonius
860 512 975 554 portu
997 506 1103 545 exire
1122 518 1201 544 non
1222 508 1390 548 auderet.
1415 510 1575 559 Quippe

285 563 386 605 Libo
407 577 560 613 parvam
582 563 771 613 insulam,
790 564 918 618 portui
933 566 1161 606 Brundifino
1182 566 1398 618 objectam‚
1418 583 1493 619 qua
1507 582 1574 607 ne-

286 625 462 666 cessarius
483 633 563 665 erat
584 628 842 675 transjecturis
863 627 1026 678 egressus
1040 658 1051 676 ,
1072 628 1350 680 occupaverat.
1383 632 1419 670 ὁὶ
1441 644 1574 680 quam-

285 687 342 726 vis
364 696 521 737 propter
545 688 718 739 inopiam
743 701 873 738 aquae,
902 691 937 728 ἃ
967 699 1170 745 acceptum
1194 689 1245 729 ab
1267 691 1440 730 Antonio.
1460 691 1576 730 detri-

285 758 490 798 mentum,
517 749 592 789 alio
619 752 774 789 coac⁰rus
798 759 877 789 erat
901 750 938 790 se
963 752 1160 802 recipere3
1190 752 1314 792 hiems
1343 766 1444 792 mare
1471 753 1574 792 clau-

289 809 418 849 debat.
450 810 600 850 Idcirco
633 810 754 851 Caesar
769 841 780 859 ‚
803 811 1006 861 impatiens
1027 825 1144 852 morae
1161 843 1172 863 ,
1191 814 1354 854 fortaffis
1381 815 1496 854 etiam
1517 815 1575 854 su-

285 872 460 923 spectans
486 874 715 922 Antonium,
742 886 791 912 ne
819 873 1038 924 exspectare
1061 886 1242 915 eventum
1263 875 1403 925 vellet,
1431 877 1498 916 sub
1522 877 1577 916 al-

284 942 409 972 teram
435 933 609 984 vigiliam
633 935 828 985 ignoratus
849 935 1006 974 exceffit
1031 937 1178 986 castris,
1207 938 1492 990 conscensoque
1512 951 1577 978 ve-

285 996 421 1036 hiculo
449 998 621 1048 perrexit.
640 998 689 1037 ad
715 997 866 1047 locum,
891 998 956 1037 ubi
981 1000 1198 1039 naviculam
1227 1003 1262 1040 ἅ
1287 1001 1480 1050 optimum
1507 1014 1579 1051 gu-

285 1058 532 1099 bernatorem
572 1060 741 1110 opperiri
771 1073 839 1109 per
868 1059 993 1100 servos
1031 1062 1237 1112 praemissos
1272 1063 1453 1112 jusserat,
1488 1073 1575 1102 tan-

286 1133 402 1171 quam
426 1121 606 1161 nuntium
619 1120 771 1162 Caesaris
789 1122 910 1171 trajici
935 1132 1141 1172 oporteret.
1159 1124 1256 1163 Cum
1273 1124 1331 1162 his
1353 1124 1463 1164 servis
1477 1126 1575 1178 (tres

285 1184 447 1222 omnino
471 1183 604 1237 erant)
619 1182 699 1233 ipse
720 1197 872 1234 quoque
895 1185 1015 1225 servili
1034 1185 1169 1225 habitu
1190 1187 1383 1226 fortunam
1406 1187 1577 1227 dissimu„

286 1244 396 1294 lans,
427 1258 563 1285 navem
592 1245 823 1286 scalmorum
853 1247 1061 1286 duodecim
1096 1248 1341 1296 conscendit,
1368 1249 1459 1288 licet
1486 1248 1574 1288 hor-

286 1315 396 1346 rente
421 1306 708 1357 tempestatibus
733 1307 839 1356 mari,
865 1308 1036 1347 &ventis
1060 1309 1355 1358 pertinaciffime
1371 1310 1567 1351 flantibus.

345 1368 474 1408 XXV.
512 1368 658 1418 Magno
687 1368 847 1416 labore,
891 1369 981 1408 licet
1019 1383 1145 1420 prono
1182 1370 1315 1419 alveo,
1349 1385 1579 1425 perventum

288 1431 339 1469 ad
362 1430 497 1470 ostium
525 1431 648 1469 amnis
679 1443 785 1479 erat3
820 1444 909 1471 cum
937 1433 1059 1471 ventis
1084 1435 1119 1472 Sc
1146 1433 1233 1472 aestu
1269 1434 1426 1473 adverso
1452 1448 1578 1474 remo-

289 1505 376 1530 rum
402 1491 547 1531 irritum
580 1491 752 1531 laborem
779 1492 861 1531 fote
887 1494 1072 1543 apparuit,
1112 1493 1171 1533 Ibi
1198 1494 1413 1545 desperanti
1440 1496 1575 1546 guber.

287 1558 414 1594 natori
454 1556 513 1594 vir
544 1555 678 1606 ingens
713 1556 859 1603 animi,
901 1557 938 1594 &
969 1555 1133 1595 fortunae
1167 1556 1239 1595 suae
1263 1560 1401 1599 euntia
1431 1557 1577 1598 cessura

285 1626 457 1669 putans,
489 1619 592 1669 Quid
615 1619 740 1664 times,
774 1617 931 1667 inquit?
968 1616 1129 1669 Caefizrem
1152 1618 1263 1657 velzis.
1297 1618 1356 1657 Ad
1388 1617 1487 1656 hanc
1506 1631 1575 1656 vo·

290 1691 378 1718 cem
411 1680 585 1718 attonitis
624 1679 830 1726 omnibus,
860 1680 895 1718 ὃς
929 1678 1079 1717 summo
1110 1687 1253 1718 conatu
1285 1679 1580 1720 intendentibus

290 1752 456 1788 nervos,
493 1739 632 1779 ostium
663 1738 880 1789 superatum
905 1738 957 1777 est
991 1739 1264 1789 nequidquam.
1308 1748 1442 1779 ventus
1470 1741 1577 1782 enim

289 1799 454 1841 subinde
492 1801 541 1840 ad
574 1800 662 1840 litus
701 1799 899 1850 rejiciebat
936 1799 1133 1848 lembum,
1179 1801 1304 1839 donec
1337 1801 1461 1840 vicina
1493 1804 1577 1851 jam

288 1863 406 1911 luce,
437 1865 589 1904 timenti
615 1863 886 1915 gubernatori,
910 1875 958 1902 ne
984 1862 1032 1902 ab
1055 1862 1224 1902 hostibus
1245 1862 1581 1913 conspicerentur,

293 1924 416 1965 Caesar
447 1924 690 1965 invitiffimus
728 1926 851 1964 redire
891 1924 1071 1976 permisit.
1108 1924 1208 1973 Quia
1247 1934 1377 1963 tamen
1413 1927 1575 1963 omnino

291 1987 518 2026 faciendum
543 1987 729 2038 putabat,
755 1997 821 2034 ut,
840 1988 965 2026 donec
988 1985 1292 2025 vehementiores
1311 1986 1413 2024 venti
1434 1985 1578 2035 ess'ent,

291 2050 489 2088 transitum
518 2057 708 2088 tentarent
740 2047 820 2096 sui,
860 2049 936 2088 hoc
964 2048 1131 2086 maxime
1163 2046 1304 2085 auxilio
1333 2047 1579 2096 perrupturi,

292 2124 389 2161 quos
413 2113 451 2149 in
477 2112 687 2163 tranquillo
718 2113 811 2151 mari
839 2121 985 2151 certum
1015 2111 1062 2150 ab
1096 2110 1381 2151 instruciiffimis
1410 2109 1580 2150 hostium-

292 2175 468 2215 clastibus
500 2177 662 2216 exitium
698 2176 903 2224 manebat3
930 2175 1166 2216 Postumium
1197 2174 1237 2213 in
1267 2173 1418 2214 Italiam
1450 2173 1575 2222 misit,

292 2251 379 2280 cum
406 2239 572 2290 epistolis
595 2239 858 2280 severioribus.

339 2368 362 2410 ξ
390 2366 515 2399 XXIII.
539 2365 622 2398 Caes.
647 2363 768 2405 Veiicj.
795 2363 877 2395 Dio,
897 2362 1040 2405 Appiam
1056 2363 1158 2412 *civih
1179 2364 1202 2394 l.
1221 2373 1251 2394 2.
1273 2361 1361 2394 Plut.
1381 2361 1414 2392 in
1437 2359 1521 2393 Caes.
1542 2371 1575 2393 c.

299 2412 350 2452 56.
385 2413 473 2443 Flor.
496 2423 514 2449 4
531 2437 539 2451 ,
567 2422 597 2441 2.
623 2409 645 2450 S
674 2409 797 2440 XXiV.
825 2408 905 2440 Dio.
923 2407 1016 2445 Caes.
1042 2408 1129 2440 Mur.
1155 2408 1244 2442 mut.
1271 2407 1396 2451 apoph.
1422 2405 1518 2439 Rom.
1544 2416 1577 2438 :a

297 2467 354 2500 43.
379 2457 524 2501 Appian.
550 2455 572 2499 ᾖ
601 2455 710 2490 XXV.
734 2454 881 2498 Appiani.
908 2452 996 2485 mut.
1015 2452 1105 2485 fior.
