1675 2959
338 124 416 170 IN
456 122 620 170 LOC.
667 121 803 169 LIB.
845 123 951 168 CIV
987 124 1131 169 LIV.
1306 126 1395 177 187

116 243 190 281 que
211 230 407 280 negotium
439 228 551 275 esset,
576 238 617 267 ut
649 228 783 269 Caesari
811 230 1035 280 petitionem
1058 228 1272 268 coustiiatus
1300 243 1398 280 pro-

114 293 249 332 barent
265 323 275 339 ,
301 293 403 342 quod
419 322 430 340 ,
451 305 496 330 eo
533 292 744 340 renitente,
770 292 873 332 nulla
898 292 980 343 spes
1008 291 1241 342 adipiscendi
1265 291 1398 342 super.-

114 362 226 400 erat,
255 353 319 403 ipfi
357 353 404 392 ad
440 365 529 391 eum
562 352 751 402 proficisci
789 365 856 403 pet
888 351 1101 404 quamlibet
1134 350 1286 391 eausam
1323 352 1399 391 sta·-

115 422 284 456 tuerunt.
1378 457 1380 460 ,

167 474 292 515 XCII.
321 474 456 523 Neque
480 482 561 514 erat
582 473 761 523 difficile,
784 486 873 513 cum
896 473 972 513 hoc
988 474 1159 514 instituto
1176 473 1296 513 Caesar
1314 481 1397 513 ute-

117 543 242 583 retur,
269 546 332 584 ut,
349 536 495 586 quoties
520 549 585 585 per
614 535 714 574 bella
740 544 914 586 poterat,
940 535 1125 585 praeberet
1149 534 1185 573 se
1211 535 1396 582 adituris,

112 596 152 634 in
183 611 322 647 magno
350 598 505 647 negotio
531 596 702 645 habens,
727 596 898 648 obligare
929 598 1077 647 semper
1099 610 1246 635 annuos
1278 597 1400 646 magi-

114 658 272 705 stratus,
290 669 413 710 neque
440 659 516 710 pati
539 659 632 698 alios
650 661 857 709 pervenire
878 660 926 699 ad
951 660 1167 706 honorem,
1193 672 1306 710 quam
1331 658 1399 708 qui

112 717 195 759 suas
223 721 386 759 rationes
420 721 609 760 defensuri
637 721 766 761 effent.
802 723 907 772 quod
935 731 978 762 ut
1005 722 1217 769 obtineret,
1241 721 1395 760 nullum

98 779 324 830 largitionis
354 790 418 820 aut
452 782 667 821 officiorum
694 795 813 832 genus
842 783 882 820 in
913 795 1145 833 quemquam
1182 782 1415 832 praetermi--

113 842 180 882 fit:
211 856 334 892 neque
357 843 548 893 vulgatius
579 857 623 882 ea
656 843 878 893 tempestate
909 843 1119 893 quidquam
1152 850 1257 891 erat,
1281 855 1399 892 quam

113 905 157 943 in
190 907 365 955 petendis
390 907 668 957 magistratibus
701 908 778 945 emi
806 906 986 957 suffragia
1009 906 1180 952 tribuum
1205 919 1249 945 ea
1271 918 1398 956 pecu-

115 966 205 1013 nia,
237 980 350 1016 quam
380 980 449 1018 pro
482 968 695 1006 candidatis
725 966 798 1006 suis
826 966 946 1006 Caesar
972 967 1295 1017 pronuntiandam
1323 978 1399 1005 cu-

113 1028 274 1068 raviffet.
303 1027 372 1067 llle
396 1030 513 1079 igitur
539 1028 606 1068 sub
636 1030 791 1068 initium
818 1028 955 1086 hiemis
985 1027 1181 1078 profec‘tus
1206 1029 1247 1066 in
1270 1026 1395 1078 lllyri-

113 1100 202 1126 cum
229 1089 351 1127 fuerat
368 1119 379 1137 ,
409 1092 500 1142 quod
523 1105 582 1128 eas
606 1103 736 1142 quoqne
762 1090 924 1127 nationes
952 1089 1075 1136 adire,
1106 1088 1142 1126 6·
1165 1091 1314 1141 regiones
1337 1102 1394 1125 co-

108 1151 267 1201 gnosL-dre
285 1150 446 1197 volebat,
473 1150 565 1188 ficut
588 1148 667 1199 ipse
690 1148 819 1189 scribit
842 1163 851 1189 :
878 1151 1001 1197 major
1026 1158 1180 1195 tamen,
1204 1162 1318 1199 quam
1339 1158 1398 1187 ta-

113 1217 206 1255 cet,
237 1210 379 1248 itineris
401 1210 513 1249 causa
534 1211 632 1258 suit,
665 1222 753 1249 cum
787 1209 858 1250 suae
889 1211 1066 1249 fac‘tionis
1098 1210 1318 1249 hominibus
1348 1210 1398 1248 de

113 1272 310 1322 republica
336 1271 577 1321 colloquendi
605 1272 817 1321 cupiditas,
835 1282 875 1311 ut
894 1272 1000 1312 illam
1023 1285 1090 1322 per
1111 1273 1197 1311 suos
1223 1273 1401 1321 conjura-

113 1342 173 1372 tos
201 1334 306 1373 domi
331 1335 616 1383 moderaretur,
634 1333 724 1372 foris
751 1335 942 1375 exercitus
968 1333 1258 1386 provinciasque
1278 1347 1394 1374 manu

113 1396 315 1436 obtineret.

167 1458 311 1498 XCllI.
345 1457 420 1498 Sed
449 1465 536 1498 ante
571 1470 705 1497 omnes
731 1457 958 1507 Pompejum
987 1456 1234 1507 Crassumque
1265 1457 1396 1507 cupie-

114 1519 206 1568 bat3
234 1522 272 1559 in
301 1520 438 1560 eadem
463 1518 640 1566 confilia,
669 1533 751 1570 quae
777 1520 875 1557 inter
896 1518 932 1558 se
955 1518 1011 1558 illi
1036 1528 1316 1569 conceperant,
1339 1519 1397 1558 di-

111 1581 257 1619 versam
283 1581 333 1620 ob
352 1581 556 1621 utilitatem
584 1595 740 1632 pronus.
774 1583 951 1633 Namque
981 1582 1022 1622 L.
1050 1582 1241 1623 Domitius
1267 1582 1397 1633 palam

112 1642 280 1680 minatus
305 1641 452 1688 fuerat,
481 1643 652 1695 confidem
680 1644 721 1696 se
740 1655 862 1682 contra
885 1644 1045 1695 Caesarem
1069 1642 1275 1695 qffift'urum,
1305 1643 1401 1694 quod

109 1713 234 1754 praeror
270 1702 487 1754 nequivzſjkt.
523 1702 627 1752 isque
654 1704 693 1741 in
718 1716 862 1742 annum
895 1702 1116 1752 sequentem
1145 1713 1225 1742 erat
1253 1703 1392 1753 petitu-

113 1776 185 1802 rus.
222 1763 341 1814 igitur
370 1762 489 1802 Caesar
516 1775 604 1807 cum
640 1762 698 1802 his
730 1765 831 1814 egit,
863 1772 906 1802 ut
939 1767 1153 1817 consulatum
1191 1764 1396 1803 detrudendi

112 1825 270 1863 Domitii
296 1826 403 1877 causa
430 1824 530 1863 ambo
550 1836 725 1876 peterent:
755 1839 892 1876 eumque
914 1826 1058 1878 adepti,
1075 1827 1145 1878 fibi
1172 1839 1398 1878 prorogarem

112 1888 290 1938 imperium
315 1887 352 1924 in
372 1888 476 1925 aliud
500 1888 783 1939 quinquennium.
820 1888 923 1927 Prior
947 1888 996 1926 ad
1025 1901 1114 1926 eum
1147 1887 1291 1927 Crass'us
1321 1887 1393 1926 Ra-

113 1961 274 1996 vennam
293 1977 304 1995 ,
326 1947 415 1986 inde
435 1948 639 1998 Pompeius
667 1947 833 1997 Lucam,
855 1948 983 1992 mense
1008 1948 1126 1999 Aprili
1150 1949 1392 1999 profeffiturus

110 2012 150 2049 in
181 2010 373 2056 Africam,
401 2011 516 2050 venit.
558 2011 701 2051 Eodem
727 2013 763 2050 δι
788 2012 838 2062 Q.
861 2012 1017 2062 Nepos,
1044 2010 1269 2061 Hispaniam
1285 2009 1394 2049 sorti-

113 2081 174 2111 tus
204 2085 251 2111 ex
277 2071 499 2120 consulatu,
523 2075 558 2112 ἃ
587 2074 656 2123 Ap.
686 2071 896 2120 Claudius,
922 2074 961 2111 in
982 2072 1193 2111 Sardiniam
1226 2084 1273 2110 ex
1299 2084 1394 2121 prae-

112 2143 195 2173 tura
224 2134 493 2185 proficiscens,
521 2134 708 2184 multique
740 2135 805 2173 alii
831 2134 968 2173 summi
994 2133 1063 2171 viri
1094 2133 1386 2172 confluxerant:

111 2198 208 2236 adeo
237 2198 394 2247 quidem
425 2198 589 2248 cupide,
620 2206 663 2236 ut
693 2210 771 2237 uno
798 2205 971 2249 tempore
1002 2196 1194 2236 senatores
1221 2196 1389 2248 amplius

124 2368 129 2376 ,
155 2333 178 2376 §
208 2334 308 2373 XCI.
345 2336 418 2370 Cic:
450 2338 490 2370 ad
518 2337 562 2379 Q,
591 2340 685 2372 fratr.
716 2348 758 2379 2,
789 2347 826 2381 3,
847 2337 939 2370 &in
966 2336 1031 2370 Pis.
1061 2349 1091 2370 c.
1124 2336 1175 2369 16.
1221 2337 1242 2377 ξ
1270 2335 1379 2369 XCH.

111 2378 364 2458 ἓξ(εῇ(ἕζειξιῑηίὶὶειι-1
397 2393 409 2414 1
427 2408 437 2423 2
453 2393 486 2423 7.
513 2383 601 2416 Idem
626 2383 666 2416 de
686 2384 751 2427 leg.
789 2383 869 2427 Agr.
892 2382 927 2415 &
955 2382 995 2421 de
1020 2393 1118 2424 prov.
1153 2381 1245 2415 cons.
1273 2393 1301 2413 c.
1327 2391 1382 2416 ιι.
