1675 2959
279 130 755 180 1N⁶LOC.1.1}3.
807 129 938 175 exn
986 131 1130 177 riv.
1251 146 1339 194 395

69 240 146 280 cuti
173 240 319 280 vident.
364 239 408 280 Id
438 237 697 289 speetaculum
729 245 808 275 tam
839 236 1114 286 necopinatum
1143 237 1178 275 δε
1208 244 1345 284 atrox,

66 310 217 341 tantum
240 301 418 341 excitavit
446 301 484 338 in
507 300 670 339 navibus
696 298 840 339 luctum
856 329 868 345 ,
902 307 946 337 ut
976 298 1138 349 gemitus
1162 299 1349 348 fletusque

67 365 108 402 in
140 364 249 403 litore
273 364 556 403 exaudirentur.
588 363 754 413 jamque
785 365 820 401 &
840 361 1012 400 triremes
1032 359 1349 410 complebantur,

68 441 152 478 quae
178 436 323 467 ceteras
345 440 498 478 quoque
527 426 696 477 Pompeji
721 438 835 465 naves
857 424 1256 475 comprehenderent:
1283 423 1350 463 sed

64 488 173 537 illas,
192 501 353 539 propere
374 489 486 527 vulsis
513 487 778 534 ancoralibus,
803 486 934 527 favens
957 499 977 525 a
997 494 1093 524 terra
1113 494 1249 523 ventus
1276 484 1351 534 Cy-

64 562 177 600 prum
209 550 369 600 retulit;
409 551 576 601 IEgyptii
615 563 637 589 a
673 562 771 588 vano
808 547 1058 598 persequendi
1085 547 1242 596 incepto
1277 545 1353 584 de-

65 613 255 652 stiterunt.
277 625 360 662 pars
384 621 515 651 tamen
542 613 698 651 navium
733 620 843 661 capta
869 610 1094 660 direptaque
1117 621 1126 648 :
1155 611 1191 648 ὁὶ
1216 609 1256 647 in
1287 606 1350 646 his

69 677 119 725 Q.
143 676 348 726 Pompejus
371 677 414 715 A.
441 675 481 715 F.
510 674 738 726 Bithynicus
767 672 925 714 occisus.

123 738 246 781 XVII.
273 738 333 778 Sic
349 738 514 788 Magnus
537 737 601 777 ille
627 738 831 786 Pompejus
848 767 858 782 ‚
881 737 919 775 in
943 733 1148 785 conspeetu
1175 732 1352 782 conjugis

67 798 357 850 liberorumque
382 800 515 849 caesus,
546 801 644 840 inter
678 799 953 839 imbecillitatis
984 798 1161 836 humanae
1186 794 1352 834 illustris-

67 859 158 898 fima
182 860 415 914 documenta
447 869 689 905 memoratur.
717 861 815 899 Cum
845 872 923 897 non
953 859 1083 898 Romae
1114 857 1252 903 modo,
1285 854 1351 893 sed

69 921 193 960 ubivis
218 922 339 961 ferme
373 930 580 969 terrarum,
609 931 796 974 perpetuo
829 929 961 962 tenore
986 919 1178 959 felicitatis
1211 918 1354 968 princi-

70 997 161 1034 pem
189 984 319 1024 locum
344 985 552 1025 diutiffime
577 985 775 1034 tenuifl'et3
802 998 848 1024 eo
874 984 955 1035 ipso
977 993 1167 1034 tempore,
1192 996 1268 1032 quo
1291 979 1353 1019 vel

0 1078 1 1087 ,
69 1048 240 1086 maxime
278 1048 413 1087 florere
446 1048 598 1087 fortuna
638 1050 674 1087 ἃ
713 1047 884 1097 potentia
922 1045 1148 1091 videbatur,
1182 1055 1352 1094 praeceps
1412 1081 1417 1087 ,

70 1107 197 1147 subito
220 1109 352 1155 datus,
381 1110 503 1160 pridie
525 1108 689 1148 natalem
716 1109 823 1148 suum
839 1139 849 1155 ,
874 1121 949 1158 quo
975 1107 1037 1146 die
1057 1106 1150 1144 olim
1177 1114 1257 1144 tam
1281 1102 1354 1142 dis.

71 1171 155 1221 pari
180 1171 278 1210 sorte
292 1201 303 1218 ‚
333 1172 381 1210 de
393 1171 620 1212 Mithridate
641 1173 676 1210 δι
697 1172 826 1221 piratis
846 1169 1090 1209 clariffimum
1113 1165 1354 1216 triumphum

51 1231 260 1279 duxerat,
300 1232 448 1271 clientis
477 1231 534 1271 sui
573 1231 763 1282 supplex,
801 1230 1032 1270 famulorum
1065 1231 1146 1277 ejus
1176 1227 1353 1267 manibus

71 1291 218 1330 invenit
237 1305 384 1332 necem.
415 1293 514 1332 Cura
542 1300 671 1332 tamen
698 1294 835 1331 decore
864 1292 1029 1331 cadendi
1050 1291 1165 1329 etiam
1188 1290 1354 1328 morien-

71 1353 102 1390 ti
119 1352 202 1392 fuit.
230 1361 319 1404 toga
339 1354 456 1403 capiti
480 1353 675 1401 obdusta,
700 1368 748 1394 ne
773 1356 857 1405 quis
883 1354 1004 1405 gestus
1023 1354 1168 1401 notari,
1185 1362 1254 1392 aut
1275 1364 1353 1391 vox

71 1415 232 1466 indigna
249 1417 374 1467 priore
391 1417 575 1467 Pompejo
597 1417 724 1468 excipi
745 1417 889 1468 poffet,
904 1417 1049 1468 gemitu
1069 1425 1220 1455 tantum
1245 1416 1354 1454 edito.

71 1477 226 1525 excepit
249 1477 366 1517 enses.
1350 1494 1352 1497 >

125 1537 271 1577 XVIII.
308 1539 434 1589 Caput
465 1539 514 1578 ad
549 1551 676 1589 regem
713 1538 874 1578 relatum
907 1538 983 1585 est,
1019 1537 1234 1587 ficcataque
1265 1543 1353 1574 cute

70 1601 274 1639 conditum
300 1601 478 1652 AEgyptio
503 1614 621 1641 more.
657 1601 833 1641 Truncus
861 1601 1090 1640 contemtim
1117 1599 1287 1648 abjeetus
1311 1599 1353 1635 in

71 1664 212 1711 litore,
250 1677 271 1704 a
306 1663 481 1714 Philippo
524 1664 661 1703 liberto
694 1672 890 1714 utcunque
929 1672 1116 1702 crematus
1159 1659 1352 1700 conscisi‘ae

72 1725 224 1776 scaphae
261 1726 401 1777 lignis,
439 1725 680 1776 sepultusque
711 1726 791 1773 est,
825 1739 914 1764 cum
946 1725 995 1764 ad
1026 1725 1129 1762 idem
1158 1723 1354 1768 officium,

70 1787 173 1826 alius
193 1789 313 1826 etiam
343 1789 437 1826 civis
463 1788 660 1827 Romanus
688 1788 786 1826 forte
818 1786 1099 1827 adcucurrisl'et.
1138 1783 1354 1826 Tuniulum

72 1850 201 1901 postea
226 1850 364 1889 fluctus
389 1851 527 1890 marini
549 1851 798 1903 disiecerunt:
829 1853 865 1890 8<
888 1850 1098 1899 imagines,
1119 1860 1211 1897 quas
1226 1846 1352 1897 proxi·

74 1925 225 1951 morum
257 1921 477 1961 temporum
505 1913 708 1951 admiratio
740 1911 936 1962 posuerat,
962 1911 1204 1960 sequentium
1229 1906 1353 1957 negli-

76 1974 201 2022 =‹zentia
228 1972 327 2011 male
363 1972 513 2012 habitas
531 1973 571 2012 in
595 1973 687 2012 Casii
707 1973 813 2021 jovis
839 1972 921 2012 aede
957 1971 1102 2011 retrusit
1130 1971 1167 2008 in
1194 1967 1354 2014 cellam,

74 2033 144 2072 ubi
164 2042 293 2073 vetera
313 2042 564 2085 truncataque
585 2034 686 2085 signa
711 2033 1010 2084 reponebantur,
1027 2032 1206 2084 (faviffizs
1220 2031 1355 2070 Romae

74 2098 292 2146 vocabant)
317 2098 443 2137 donec
474 2098 691 2139 Hadrianus
716 2098 862 2145 Caesar,
889 2098 1093 2148 imperium
1119 2105 1246 2136 totum
1276 2106 1354 2132 un-

76 2161 191 2210 dique
216 2158 465 2209 perlustrans,
502 2173 591 2199 cum
621 2161 659 2198 in
691 2160 900 2211 JEgyptum
928 2159 1110 2205 venisset,
1134 2160 1170 2197 ἅ
1205 2156 1351 2206 effigies

73 2222 213 2271 reperit
240 2223 490 2272 ornavitque,
518 2224 554 2262 &
582 2221 775 2261 tumulum
796 2222 1016 2272 inquifitum
1044 2220 1148 2260 refici
1174 2231 1351 2269 repurga-

74 2285 184 2333 rique
213 2282 329 2331 juffit.

125 2369 146 2412 ξ
171 2369 264 2402 XVI.
296 2369 384 2402 Plut.
411 2371 557 2413 Appian.
580 2370 656 2403 Liv.
686 2371 778 2413 Epit.
802 2370 882 2403 Dio.
917 2370 939 2414 §
968 2370 1204 2404 XVI1.Or0s.
1228 2369 1268 2410 6,
1295 2379 1348 2408 ¹3·

81 2413 170 2450 Floi.
191 2426 228 2453 4,
247 2425 279 2445 2.
298 2414 369 2446 Cic.
386 2414 540 2446 familiar.
562 2426 602 2457 3,
620 2427 671 2448 11.
687 2415 768 2447 Dio.
783 2415 905 2458 Vellej.
932 2426 951 2446 2
965 2425 1041 2459 ,53
1067 2415 1157 2450 Plut
1180 2417 1199 2458 5
1220 2414 1347 2451 Xvul.

82 2459 503 2503 v31.1»12x.3,8.1>.111t
532 2460 619 2503 App'
627 2472 678 2492 an.
701 2461 808 2505 Ageu.
829 2471 868 2502 2,
893 2469 942 2494 no.
