1675 2959
296 181 395 233 342-
464 166 560 214 JO.
600 160 1525 214 FRE1NSHEM113UPPLEM2

297 272 477 323 volebat3
501 276 536 314 ἅ
562 273 650 323 quia
670 272 847 311 consules
869 270 986 311 ambo
1012 270 1131 311 secuti
1155 272 1384 322 Pompejum
1406 271 1586 321 fuerantg

296 347 371 375 nee
398 336 626 387 praetoribus
660 334 815 377 creandi
847 332 1022 372 consules
1055 334 1113 380 jus
1141 333 1215 373 effe
1249 333 1451 373 dicebatur
1472 363 1484 382 ‚
1516 345 1583 371 ne-

298 397 454 439 cessario
488 397 711 436 faciundum
743 393 918 445 putavit,
950 401 995 432 ut
1025 394 1274 434 comitiorum
1315 394 1584 434 habendorum

295 459 409 498 causa
436 460 668 498 difflaturam
690 457 905 497 affumeret.
1270 483 1272 485 »

312 557 315 559 Α
353 521 499 561 XLIX.
528 519 574 559 In
595 518 672 558 hoc
698 519 918 569 magistratu
943 517 1135 557 exsulibus
1152 547 1163 563 ‚
1190 525 1324 568 praetet
1346 518 1394 559 T.
1419 517 1591 559 Annium

298 582 519 631 Milonem,
549 584 717 622 reditum
748 583 944 631 decrevit3
984 584 1019 622 ἃ
1048 580 1345 632 proscriptorum
1369 593 1391 619 a
1416 579 1523 627 Sulla
1545 580 1591 619 li-

296 645 399 686 beris
427 647 487 694 jus
528 646 786 696 petendorum
817 645 1026 685 honorum>
1045 654 1179 684 contra
1213 642 1339 694 legem
1367 643 1589 684 Corneliam

300 710 422 750 dedit.
454 709 710 750 Aristobulum
735 710 932 760 quondam
959 709 1101 757 Judaeae
1124 706 1432 758 regem‚deinde
1457 707 1593 745 trium-

299 771 464 822 phatum
491 772 678 823 Pompejo
694 802 704 820 ,
732 771 873 812 remifit
890 772 1067 810 daturum
1087 771 1127 808 in
1151 769 1256 821 Syria
1281 768 1422 808 turbas.
1445 768 1520 809 Sed
1533 769 1595 808 ille

299 834 457 886 quidem
484 850 507 872 a
529 833 763 887 Pompejanis
788 848 917 886 veneno
940 831 1002 885 ff
1025 833 1232 883 interceptus
1253 829 1442 869 traditur:
1468 827 1594 869 filium

297 896 590 943 Alexandrum,
612 896 781 945 acceptis
809 907 852 934 ea
879 894 928 933 de
959 906 998 932 re
1025 891 1201 942 Pompeji
1224 890 1371 938 literis,
1396 890 1438 930 L.
1462 891 1596 941 Scipio

300 956 424 1001 securi
441 955 867 1007 percussitAntiochiae,
884 954 1087 993 latrocinia
1102 952 1303 1001 objiciens.
1323 950 1470 991 Habuit
1492 951 1599 990 dein.

301 1019 352 1060 de
375 1019 556 1067 comitia,
583 1017 699 1069 seque
727 1020 762 1058 &
789 1017 830 1057 P.
860 1015 1064 1056 Servilium
1107 1013 1320 1066 defignavit
1347 1012 1532 1052 consules.
1562 1013 1596 1052 is

299 1083 405 1122 enim
434 1090 514 1121 erat
544 1094 689 1127 annus,
721 1093 797 1130 quo
833 1078 1077 1119 consulatum
1102 1077 1135 1116 ei
1162 1089 1292 1128 gerere
1321 1089 1388 1126 per
1413 1075 1517 1126 leges
1543 1075 1598 1114 li-

299 1145 438 1193 cebat3
463 1157 623 1195 quarum
649 1147 727 1182 vim
755 1155 844 1181 cum
874 1141 911 1179 vi
937 1141 1081 1188 majore
1104 1137 1289 1184 solveret,
1318 1136 1486 1187 speciem
1510 1136 1596 1175 ubi-

300 1210 358 1248 vis
385 1222 524 1259 magna
549 1208 798 1247 veneratione
818 1204 1043 1244 sectabatur.
1075 1202 1115 1242 L.
1133 1200 1307 1241 Pisonem
1333 1198 1524 1250 collegam
1540 1196 1596 1238 as-

300 1271 496 1310 sumturus
528 1268 738 1308 videbatur.
767 1266 843 1307 Sed
875 1265 968 1316 quia
993 1265 1128 1318 legatos
1155 1264 1205 1301 ad
1230 1260 1431 1314 Pompejum
1453 1262 1597 1300 mitten-

301 1334 368 1372 dos
393 1331 472 1372 Piso
498 1330 716 1378 censuerat,
749 1337 904 1378 eratque
929 1339 1014 1366 eam
1049 1325 1100 1365 ob
1127 1323 1276 1364 causam
1310 1322 1518 1374 increpitus
1549 1321 1600 1363 ab

300 1395 488 1443 Isauri003
511 1394 568 1433 illi
595 1393 785 1433 honorem
811 1391 968 1431 libertas
996 1387 1178 1434 abstulit,
1203 1387 1294 1426 huic
1321 1385 1490 1426 adulatio
1525 1385 1593 1425 de-

304 1458 373 1497 dit.
400 1457 570 1497 Comitia
594 1467 808 1495 ceterorum
840 1465 995 1504 quoque
1021 1450 1306 1503 magistratuum
1331 1448 1416 1487 sunt
1443 1447 1618 1495 habitanx

302 1519 536 1576 pontificum
561 1519 677 1557 etiam
693 1548 705 1566 ,
731 1518 772 1556 in
798 1516 884 1556 loca
910 1516 1226 1571 demortuorum:
1254 1513 1432 1562 feriaeque
1457 1511 1600 1552 Latinae

306 1581 521 1622 celebratae.

381 1646 423 1686 L.
468 1643 663 1694 Oppreffis
685 1642 825 1682 deinde
849 1654 920 1682 aere
955 1639 1082 1679 alieno
1117 1637 1400 1678 consulendum
1426 1636 1601 1687 putavit3

306 1707 462 1755 sedita,
483 1719 531 1746 ne
546 1705 724 1745 subruere
748 1704 891 1748 fidem,
915 1704 948 1742 ἃ
966 1731 976 1749 ,
1002 1701 1093 1740 dum
1118 1700 1284 1739 aliorum
1308 1698 1515 1739 necessitati
1538 1710 1605 1738 cu-

307 1769 438 1820 pidius
471 1766 659 1814 consulit,
691 1765 853 1805 aliorum
879 1764 952 1813 juri
979 1763 1055 1802 vim
1086 1762 1211 1801 facere
1238 1759 1518 1800 intolerandam
1547 1760 1606 1798 vi-

310 1832 477 1871 deretur.
505 1828 710 1871 Constituit
744 1827 858 1878 igitur
880 1855 892 1874 ‚
925 1837 963 1864 ut
999 1825 1123 1863 arbitri
1157 1826 1321 1862 darentur
1344 1831 1459 1875 (nam
1490 1821 1606 1872 ipfius

308 1893 426 1934 verba
448 1891 706 1932 lubentiffime
733 1891 867 1942 pono)
887 1903 950 1940 per
967 1902 1054 1941 quos
1068 1888 1194 1938 fierent
1220 1887 1458 1933 afirmationes
1477 1883 1606 1936 poffes.

303 1959 440 2013 fiomtm
468 1958 503 1995 6ae
526 1970 655 2002 rerum,
687 1955 813 2008 quanti
833 1966 967 2006 quaque
994 1965 1108 1988 carum
1129 1960 1211 1986 ante
1237 1947 1361 1986 bellum
1376 1945 1524 1999 fiuſjh,
1545 1957 1604 1984 at-

305 2033 375 2071 que
398 2033 444 2056 ea:
463 2017 685 2057 creditoribus
710 2016 974 2068 transderentnr.
1003 2011 1053 2052 Hi
1077 2009 1321 2049 arbitratores
1335 2039 1345 2056 ,
1366 2020 1414 2046 ne
1443 2008 1528 2057 quis
1551 2005 1606 2045 al-

314 2080 387 2120 teri
414 2080 512 2129 parti
540 2078 772 2117 addistiores
798 2076 940 2116 eleetos
967 2081 1216 2124 quereretur,
1238 2070 1335 2110 sorte
1364 2069 1602 2109 creabantur.

316 2140 405 2181 Hac
427 2139 651 2178 conditione
676 2147 808 2189 quarta
825 2137 902 2176 fere
919 2148 1005 2186 pars
1023 2134 1156 2174 crediti
1175 2132 1393 2184 deperibat:
1410 2130 1473 2170 sed
1492 2130 1607 2170 facile

314 2199 558 2254 patiebantur
583 2199 783 2247 hominen
808 2198 895 2249 quia
914 2199 1030 2237 timor
1054 2208 1239 2234 novarum
1264 2192 1505 2241 tabularum,
1523 2206 1607 2243 quae

318 2262 436 2315 vulgo
470 2261 648 2314 postulari
688 2271 907 2314 coeperant,
931 2258 1148 2300 tollebatur.
1180 2256 1281 2306 Quia
1306 2255 1446 2295 deinde
1474 2267 1604 2294 rumor

365 2404 386 2447 5
412 2402 565 2434 XLVIII.
588 2402 705 2434 Front.
732 2402 835 2434 Strat.
871 2411 915 2440 4,
946 2409 975 2439 ς.
1013 2398 1157 2431 Sueton.
1189 2396 1224 2428 in
1264 2394 1348 2428 Caes.
1375 2406 1404 2428 c.
1432 2403 1487 2432 το.
1513 2391 1605 2426 Plue.

318 2450 352 2482 'sn
386 2448 469 2480 Caes.
498 2459 526 2479 c.
553 2458 604 2487 5⁴.
631 2446 704 2478 Cic.
726 2446 765 2478 ad
790 2446 895 2477 Attic.
915 2454 956 2484 9,
979 2454 1028 2475 rr.
1059 2442 1080 2485 §
1117 2440 1235 2474 XLIX.
1262 2438 1409 2484 Dionys.
1443 2438 1552 2473 Halic.
1577 2440 1612 2480 8,

316 2503 370 2541 92.
402 2494 543 2530 Sueten.
565 2494 598 2528 in
624 2491 710 2526 Caes.
731 2503 761 2525 c.
791 2501 845 2532 41.
864 2488 1003 2532 Joseph.
1026 2487 1108 2522 Dio.
1131 2485 1216 2521 Caes.
1241 2485 1331 2520 Plut.
1368 2492 1378 2502 ³
