1675 2959
158 122 161 124 ·
223 117 304 164 IN
348 111 1050 161 LOC.L113.CXIL1V.
1178 116 1320 178 >363

101 223 250 264 XXVI.
292 222 418 262 Plures
445 222 550 259 enim
579 219 763 264 dederat,
786 226 854 267 ut,
881 218 906 257 fi
933 217 1139 266 Gabinius,
1161 228 1228 258 aut
1254 223 1327 260 An-

39 286 193 332 tonius,
229 280 491 322 authalenus
531 283 822 327 cunctarentur,
859 279 997 330 quibus
1038 289 1145 318 erant
1179 282 1324 330 priores

45 345 240 384 tradendae
262 342 400 388 literae,
428 341 638 381 Postumius
666 340 850 388 haberet,
883 352 976 389 quas
1004 339 1187 379 exhibere
1217 342 1327 379 mili-

42 408 150 446 tibus
173 405 317 456 posset,
341 404 480 454 quibus
506 416 593 442 eum
616 402 744 453 sequi,
764 408 953 451 quotquot
971 400 1195 450 voluissent,
1216 402 1327 450 jube.

44 470 193 510 bantur.
224 467 443 517 Imperabat
462 473 611 512 autem,
627 466 765 517 quando
781 475 904 516 portus
926 464 970 501 ab
995 465 1208 517 adversariis
1234 476 1326 501 tene-

40 532 195 579 bantur,
230 542 268 567 ut
301 531 350 567 ad
369 527 677 581 Appolloniatium
709 526 815 563 litora
847 524 1007 578 ejicerent
1030 539 1174 564 naves:
1209 540 1325 563 earum

34 593 176 648 jad-‘lura
194 592 232 644 se
258 590 351 629 nihil
368 588 593 628 commoveri:
622 587 722 625 modo
745 586 841 622 viros
862 585 1010 632 haheat,
1039 599 1101 638 per
1129 599 1215 637 quos
1247 587 1328 623 adi-

34 654 127 707 pisci
145 652 253 704 poffit
279 653 408 691 omnia.
447 649 626 688 Ceterum
653 645 860 694 Gabinius,
887 658 908 684 a
934 647 1150 696 navigando
1181 645 1330 685 abhor-

41 727 150 762 rens,
178 713 295 763 longo
325 709 529 750 circumitu
553 719 620 757 per
649 705 847 757 illyricum
882 707 1039 757 copias,
1071 708 1209 757 quibus
1234 721 1329 758 prae..

39 785 143 823 erat,
159 775 321 814 instituit
343 773 496 811 ducere.
528 768 716 809 Antonius
738 770 773 807 ἃ
798 766 959 806 Calenus
986 770 1114 819 potius
1140 782 1229 808 cum
1259 783 1327 821 pe-

37 837 160 876 riculo
189 834 416 874 tentandum
447 832 595 871 brevius
618 831 690 868 iter
717 829 1009 877 existimabant,
1043 845 1158 881 quam
1181 834 1229 871 ad
1254 835 1328 871 im-

36 899 186 950 perium
219 899 255 936 &
291 894 552 933 necessitatem
588 892 741 932 Caesaris
777 890 893 930 serius
927 904 1136 931 occurrere.
1173 893 1218 932 Et
1247 902 1327 932 erat

37 959 188 999 summa
215 958 379 996 militum
402 955 597 1002 alacritas,
629 956 664 993 δε
691 953 740 991 ad
761 952 944 992 Caesarem
973 954 1238 1004 proficiscendi
1266 967 1328 994 ar-

36 1021 132 1069 dor;
157 1032 291 1059 eorum
315 1020 452 1066 etiam,
481 1018 545 1068 qui
573 1015 689 1067 paulo
716 1025 826 1064 ante,
850 1018 886 1067 [ὲ
905 1017 1083 1055 laboribus
1106 1017 1240 1069 frafflos
1268 1020 1328 1056 ob-

27 1083 98 1137 jici
125 1073 317 1136 periculis,
354 1094 489 1134 quanta
519 1078 702 1132 firmfflmi
738 1079 805 1117 ‘vix
832 1080 995 1133 fitstinere
1022 1079 1178 1131 poſjent,
1215 1084 1327 1118 erant

38 1146 169 1196 questi.
220 1144 348 1193 Quare
388 1143 550 1181 minimo
597 1141 753 1191 negotio
792 1135 1052 1190 persuaserunt
1094 1137 1141 1173 irs
1178 1141 1324 1185 dueec,

36 1215 82 1245 ut
102 1206 232 1246 Austro
255 1206 371 1244 fiante
400 1202 701 1241 conscenderent
733 1209 846 1239 naves
862 1227 874 1244 ,
904 1196 1017 1246 seque
1040 1195 1218 1236 fluetibus
1244 1208 1326 1237 tra·-

37 1264 259 1366 degeggvss.
286 1323 387 1363 Inter
420 1320 511 1360 haec·
532 1321 761 1370 pompejus,
801 1325 866 1369 ut,
896 1318 1113 1369 priusquam
1138 1321 1324 1362 auctiores

36 1388 160 1438 copiae
191 1385 344 1425 Caesaris
366 1384 526 1429 fierent,
554 1391 761 1432 pugnaret,
793 1382 933 1420 iterum
955 1382 1172 1421 instru&am
1196 1384 1321 1422 aciem

35 1447 277 1488 transducere
304 1453 492 1492 conatus,
522 1445 678 1494 incepto
706 1451 862 1491 repente
892 1442 1058 1491 destitit,
1078 1445 1322 1494 fingentibus

36 1508 241 1556 omnibus,
269 1507 580 1560 &pulcherrimam
603 1507 806 1556 occafionem
820 1506 950 1543 dimini
973 1506 1217 1554 jaetantibuS.
1242 1508 1321 1547 Sed

35 1571 240 1611 deterritus
265 1567 422 1606 adverso
446 1566 577 1605 omine
603 1566 752 1613 fuerat,
792 1566 879 1615 quia
904 1566 982 1605 duo
1008 1567 1148 1606 milites
1177 1570 1323 1610 vadum

34 1641 227 1673 tentantes
255 1632 303 1670 ab
329 1630 538 1671 Caesariano
573 1641 649 1667 uno
681 1636 788 1667 erant
815 1629 1021 1668 interemti.
1055 1630 1234 1679 Namque
1265 1632 1323 1669 fe-

34 1696 160 1735 licitas
182 1694 333 1745 Caesaris
355 1693 510 1738 omnia,
539 1693 655 1730 etiam
683 1699 828 1730 temere
849 1699 1006 1741 coepta,
1041 1691 1079 1729 in
1108 1692 1253 1731 bonum
1284 1695 1322 1732 ei

34 1756 221 1796 vertebat.
252 1755 384 1804 Itaque
420 1756 455 1794 &
481 1751 773 1792 audaciffimum
807 1754 888 1801 ejus
924 1759 1121 1802 coeptum,
1150 1753 1323 1803 legiones

36 1818 199 1857 hiberno
233 1817 327 1856 mari
352 1815 639 1864 transjiciendi‚
675 1827 754 1853 non
788 1814 1004 1853 incolumes
1037 1816 1156 1854 modo
1187 1819 1321 1866 copias

35 1874 94 1920 illi
114 1880 306 1931 praestitit,
332 1878 397 1918 sed
415 1878 512 1917 ultro
540 1877 646 1917 cessit
676 1876 895 1916 adversariis
915 1879 954 1915 in
981 1890 1095 1927 grave
1113 1878 1321 1918 detrimen-

36 1951 132 1983 tum.
154 1947 158 1961 ¹
180 1942 332 1992 Quippe
372 1943 465 1981 dum
490 1939 773 1992 Dyrrhachium
801 1939 1130 1990 praetervehuntur
1162 1940 1323 1981 Caesaris

35 2016 174 2052 naves,
201 2003 251 2052 Q.
275 2002 500 2052 Coponius,
529 2002 594 2051 qui
615 2000 777 2041 Rhodiae
809 1999 913 2039 claffi
941 2009 1126 2050 praeerat,
1157 2001 1318 2052 conspe-

35 2069 115 2106 ctas
155 2077 243 2104 curn
279 2065 445 2103 rostratis
481 2063 614 2114 viginti
649 2061 904 2112 seqffluebatur3
938 2063 973 2100 ἃ
1002 2061 1209 2100 remiffiore
1239 2065 1319 2111 jam

34 2138 150 2170 vento
176 2129 459 2179 propemodum
492 2128 689 2178 attigerat,
717 2125 1017 2176 haudquaquam
1050 2139 1158 2175 aequo
1197 2135 1318 2165 certa-

33 2192 140 2231 mine
163 2190 286 2240 longis
316 2190 478 2229 navibus
504 2190 694 2228 onerarias
721 2196 1040 2237 oppugnaturus,
1078 2198 1166 2225 cum
1191 2187 1316 2226 subito

35 2253 188 2292 intendi
219 2259 352 2291 ventus
378 2252 521 2301 coepit,
561 2249 809 2300 Julianosque
838 2248 954 2299 longe
979 2250 1027 2290 ab
1062 2249 1231 2289 hostibus
1261 2250 1318 2288 di-

38 2313 189 2356 vellere.
232 2315 354 2363 Atque
387 2312 443 2351 illi
476 2311 738 2363 Nymphaeum
772 2318 1004 2360 tenuerunt,
1040 2309 1144 2350 haud
1178 2308 1317 2361 procui

88 2427 113 2472 5
137 2426 259 2463 XXVI.
286 2426 370 2463 Caes.
392 2426 539 2472 Appiam.
553 2426 644 2461 Plut.
664 2427 700 2462 iu
723 2426 805 2461 Ant.
825 2437 855 2462 c.
879 2436 933 2460 ιο.
