1675 2959
289 117 380 167 228
444 119 539 182 10.
575 120 1077 168 FREINSHEMII
1114 122 1478 174 SUPPLEM.

286 225 403 266 ludus
429 227 464 266 δε
488 228 599 276 jocus
628 234 707 265 erat
732 239 807 276 prae
835 228 1013 276 judiciis,
1040 241 1124 279 quae
1153 230 1203 270 ad
1227 230 1421 270 summum
1451 231 1577 282 impu-

287 287 430 327 dentiae
454 290 657 338 provectus
681 289 848 327 ambitus
871 283 1080 340 pepererat.
1117 292 1323 332 Candidati
1347 293 1575 343 ‘consulatus

285 358 450 400 quatuor
476 350 654 390 fuerunt:
682 350 849 389 totidem
877 351 1044 391 ambitus
1071 352 1158 392 sunt
1181 355 1375 404 postulati.
1534 340 1546 352 ⁶

314 436 317 439 v
340 411 496 451 XXIII.
525 411 567 450 C.
594 410 806 450 Memmius
837 411 908 451 Cn,
933 411 1170 462 Domitium,
1191 415 1235 455 C.
1263 416 1497 455 Memmium
1522 415 1574 464 Q.

284 476 440 516 Curtius
468 486 553 514 reos
580 474 773 523 fecerant,
805 488 826 514 a
859 475 908 525 Q.
938 475 1125 527 Pompejo
1158 477 1215 517 M.
1250 478 1447 527 Messalla,
1478 493 1500 519 a
1529 480 1577 521 Ca

284 539 433 580 Triario
457 545 584 577 vetere
612 538 770 577 inimico
801 538 857 578 M.
878 538 1041 577 Scaurus
1063 537 1351 580 accusabantur.
1390 540 1576 582 Consules

282 613 438 651 quoque
462 599 674 650 flagrabant
705 600 873 645 invidia,
905 599 1010 649 quod
1042 599 1294 650 turpiffimam
1329 613 1417 642 cum
1449 603 1575 643 Mem-

283 663 363 701 mio
388 674 433 700 ac
456 661 629 701 Domitio
656 663 878 712 pad’tionern
906 661 1101 710 fecerant,
1124 675 1164 700 uc
1187 665 1287 702 ambo
1313 665 1464 718 sestertia
1485 680 1574 718 qua-

280 726 452 777 dringena
475 723 676 776 consulibus
695 724 816 762 darent
830 755 841 771 ‚
857 725 896 774 si
915 724 1016 776 efflat
1041 724 1108 777 ipsi
1127 725 1285 764 conules
1301 726 1406 778 saHi.
1445 726 1574 766 Dede-

278 794 369 826 rant
395 799 555 837 operam
583 779 782 833 consules,
817 796 861 825 ut
895 798 1009 836 quam
1044 786 1213 836 primum
1248 787 1405 827 comitia
1437 787 1572 828 haberi

282 848 435 888 senatus
460 848 694 888 decerneret.
728 850 805 889 Sed
833 850 1079 888 comitiorum
1104 848 1237 900 finguli
1269 850 1349 889 dies
1378 851 1572 900 quotidia-

281 910 342 951 nis
365 911 728 952 obnuntiationibus
760 912 1005 952 tollebantur.
1040 912 1120 953 Sub
1152 913 1270 952 finem
1300 912 1415 963 hujus
1450 916 1539 954 anni
1558 945 1569 962 ,

283 988 375 1014 cum
415 976 633 1027 peregrinas
664 967 869 1027 religiones
903 975 1132 1017 invalescere
1166 976 1315 1016 senatus
1361 977 1572 1028 comperis-

277 1035 361 1085 set,
392 1038 445 1075 uti
468 1037 566 1090 flma
594 1038 779 1090 Serapidis
804 1038 967 1090 Istdisque
996 1053 1018 1076 a
1038 1038 1196 1091 privatis
1226 1039 1265 1077 in
1290 1039 1369 1077 urbe
1385 1039 1487 1092 fhft'a
1517 1040 1571 1078 di-

277 1111 477 1146 ruerentur,
503 1099 684 1137 decrevit.

346 1159 495 1200 XXIV.
535 1159 638 1198 Inter
664 1158 745 1197 haec
779 1160 912 1203 exac‘to
942 1156 1143 1197 consulum
1175 1159 1417 1210 magistratu,
1444 1172 1569 1210 neque

282 1223 486 1274 designatis
508 1223 601 1262 dum
629 1222 736 1269 aliis,
756 1234 812 1260 res
837 1221 885 1260 ad
913 1222 1174 1273 interregnum
1199 1223 1323 1262 rediit.
1345 1224 1419 1263 Sex
1447 1225 1483 1263 Sc
1507 1224 1572 1261 tri-

281 1285 387 1336 ginta
416 1285 622 1334 interreges
659 1284 841 1332 fuerunt,
878 1284 1108 1324 continuatis
1138 1285 1187 1324 ad
1218 1284 1415 1336 septenum
1449 1286 1570 1337 usque

278 1346 451 1386 mensem
471 1345 705 1396 interregnis.
741 1346 807 1385 Per
830 1354 979 1385 tantum
1002 1346 1116 1397 igitur
1139 1346 1303 1398 spatIum
1330 1361 1452 1399 neque
1476 1361 1569 1387 con-

277 1407 378 1448 sules
417 1407 577 1454 Romae,
613 1419 738 1456 neque
777 1416 955 1457 praetores
983 1407 1051 1447 ulli
1087 1407 1253 1448 fuerunt.
1298 1408 1567 1459 Auspiciorum

276 1471 379 1509 enim
406 1472 441 1510 <Sc
463 1470 697 1509 ostentorum
725 1470 1005 1508 intervenerant
1036 1482 1179 1510 morae:
1208 1470 1382 1510 bubones
1406 1469 1567 1522 lupique

277 1533 323 1571 in
345 1531 440 1571 urbe
463 1530 550 1578 vifi,
580 1542 718 1569 canum
741 1528 905 1583 ululatus
931 1528 1079 1568 flebiles
1107 1528 1231 1568 auditi
1257 1542 1388 1577 erant·,
1418 1530 1568 1570 fimula-

278 1606 386 1632 crum
404 1593 537 1633 Martis
554 1592 777 1640 sudaverat3
800 1591 947 1630 fulmen
974 1600 1055 1630 tota
1076 1591 1169 1630 urbe
1190 1602 1438 1642 pervagatum
1462 1593 1566 1644 signa

280 1655 451 1695 Deorum
483 1654 689 1705 tetigerat,
728 1652 905 1693 homines
941 1652 1151 1703 permultos
1191 1653 1441 1693 exanimarat.
1487 1655 1564 1694 Sed

278 1717 364 1757 haze
395 1717 550 1767 quidem
581 1725 787 1767 portenta,
819 1714 956 1765 quibus
992 1726 1059 1754 aut
1085 1714 1214 1763 terris,
1246 1724 1313 1754 aut
1341 1715 1565 1755 hominibus

279 1779 539 1825 minarentur,
565 1778 790 1829 ambiguum
815 1776 1017 1827 multiplex
1049 1785 1167 1815 terror
1191 1776 1372 1816 faciebat.

334 1842 462 1882 XXV.
488 1842 587 1881 Nam
612 1843 646 1881 ἃ
671 1842 710 1879 in
731 1839 825 1880 urbe
843 1839 1039 1879 turbatum
1068 1847 1169 1886 erat,
1194 1840 1230 1879 δι
1256 1838 1380 1880 Gallia
1404 1838 1565 1880 rebella„

280 1903 370 1953 bat,
404 1907 440 1945 ἃ
464 1917 551 1944 cum
577 1903 750 1952 Parthis,
782 1903 981 1954 ignorante
1007 1901 1151 1953 populo
1173 1902 1378 1950 Romano,
1416 1902 1562 1942 bellum

281 1969 498 2008 exstiterat:
530 1968 594 2007 sed
631 1981 713 2018 quae
747 1967 899 2016 objecta
936 1965 1062 2005 Crasso
1090 1964 1321 2016 Euphratem
1354 1964 1563 2004 transeunti

277 2042 370 2069 mox
401 2030 729 2078 memorabimus,
767 2029 835 2080 ipfi
868 2029 1133 2079 exercituique
1166 2027 1268 2067 haud
1306 2028 1467 2067 dubium
1504 2029 1563 2066 in·
1601 2040 1606 2044 ’

273 2095 430 2133 teritum
459 2095 747 2144 portenderunt.
780 2093 874 2133 Haec
899 2104 988 2142 ergo
1018 2103 1107 2130 cum
1137 2090 1416 2140 impedimenta
1440 2090 1559 2128 comi-

276 2158 341 2197 tiis
371 2157 653 2206 objicerentur,
696 2155 811 2207 longe
842 2158 965 2204 majus
1000 2164 1113 2205 atque
1150 2152 1342 2192 difficilius
1379 2152 1560 2192 tribuno-

278 2233 364 2260 rum
387 2219 512 2272 plebis
541 2217 1009 2259 contumaciaafferebat.
1044 2217 1105 2258 Illi
1133 2217 1238 2279 enim
1269 2216 1461 2267 praecipue
1484 2224 1561 2254 tur-

330 2355 352 2400 §
384 2354 494 2387 XXII.
525 2352 662 2397 Joseph.
691 2353 797 2396 antiq.
827 2363 886 2392 14,
915 2361 966 2384 ιτ.
991 2350 1076 2383 Piin.
1107 2361 1143 2390 5,
1167 2360 1221 2393 23.
1245 2349 1423 2400 qugefipp.
1451 2349 1562 2382 Strab.

281 2402 308 2435 l.
341 2411 389 2441 15.
415 2400 436 2444 §
459 2399 584 2432 xxm.
611 2399 752 2431 Diodor.
776 2398 864 2431 Plut.
883 2398 1029 2439 Appi-711.
1051 2397 1069 2430 Ε
1091 2396 1216 2429 XXIV.
1242 2395 1314 2428 Cic.
1338 2396 1378 2428 ad
1400 2394 1442 2438 Q.
1460 2393 1556 2428 fratr.

291 2456 332 2489 2,
358 2457 392 2480 ιι
412 2472 422 2487 ,
439 2444 471 2479 ὅ(
492 2445 531 2479 ad
548 2444 653 2479 Aule.
673 2460 692 2488 4
707 2468 717 2486 ,
739 2454 792 2487 15.
820 2443 908 2476 Idem
936 2442 1089 2474 summat.
1114 2453 1122 2474 ι
1142 2450 1201 2485 ,9-
