1675 2959
255 121 338 170 *IN
384 116 549 167 LOC.
594 114 735 162 LI-B.
788 113 872 160 CV
920 110 1066 158 L1V.
1169 106 1176 112 ’
1245 121 1336 170 199

52 240 124 269 nus
148 228 271 268 statim
300 234 566 272 reverteretur,
597 225 631 263 Sc
654 220 840 273 populum
873 220 922 258 ad
943 216 1168 270 praestandam
1186 213 1255 265 fibi
1274 212 1330 264 se„

51 292 198 329 cundum
224 287 382 328 mores&
405 284 496 339 leges
525 283 742 323 audientiam
768 280 1004 321 inclamaret.

103 351 216 391 XIX.
244 350 288 390 Id
306 361 392 388 cum
410 347 545 398 saepius
569 345 659 384 esset
676 345 842 391 facium,
867 342 1022 381 aestuans
1045 337 1178 378 dolore
1203 338 1239 377 δε
1265 348 1331 374 cu-

51 426 92 452 ra
116 411 332 452 Trebonius
356 410 487 448 adduci
507 423 581 447 eum
607 408 645 446 in
673 419 834 444 carcerem
857 402 971 452 jusiit.
998 400 1072 441 Sed
1100 398 1264 450 populus
1282 397 1337 436 se-

54 473 266 524 quebatur,
303 470 483 520 auresque
510 467 703 519 praebebat
729 467 829 505 inter
860 464 1030 502 eundum
1060 462 1109 500 de
1142 460 1237 509 legis
1277 458 1337 496 in-

54 534 273 574 commodis
298 531 502 572 differenti.
527 529 640 569 Unde
664 536 788 566 metus
806 524 955 573 inceffit
977 522 1236 567 Trebonium,
1258 518 1338 571 misL

50 598 194 651 fizmque
209 593 291 645 fieri
320 594 483 632 Catonem
505 590 619 639 jussit.
649 589 711 629 Sic
736 601 780 626 ea
809 586 890 625 dies
915 593 1067 624 exemta
1093 583 1144 622 est
1160 612 1171 630 ,
1197 590 1239 619 ut
1265 592 1341 618 ne-

58 658 154 698 mini
176 657 417 696 tribunorum
438 653 552 692 verba
582 652 631 691 ad
662 650 850 702 populum
874 649 1002 688 facere
1031 652 1195 687 vacaret.
1230 643 1341 683 Obtiffi-

58 720 177 759 nebat
206 720 336 766 enim,
367 723 411 756 ut
442 716 490 755 de
516 714 664 765 legibus
685 713 833 764 privati
853 713 1020 762 primum
1037 739 1049 757 ‚
1074 709 1139 759 qui
1168 705 1310 746 vellent
1327 733 1340 751 ,

63 780 204 820 deinde
222 778 456 829 magistratus
481 776 673 816 dicerent:
697 787 768 822 ne,
794 774 817 812 si
843 774 987 823 priores
1009 771 1047 809 hi
1072 769 1189 808 effent
1203 766 1339 814 auditi,

59 843 327 883 auctoritatem
351 840 488 879 horum
514 838 650 888 privati
673 836 928 886 sequerentur.
957 833 1105 874 Idcirco
1123 833 1160 871 P.
1186 829 1314 870 Gallus
1329 859 1341 876 ‚

58 917 108 944 ne
144 903 322 954 postridie
351 901 434 939 foro
473 898 762 945 excluderetur,
803 896 843 933 in
874 896 977 933 curia
1014 894 1238 943 permeare
1267 890 1344 928 sta-

60 968 159 1014 tuit,
180 964 407 1004 tutifflmum
434 962 537 1000 hunc
564 969 760 1010 receptum
785 969 884 998 ratus
900 989 911 1005 ‚
936 961 971 999 &
987 954 1341 997 commodiliimum

62 1043 140 1070 una
165 1041 254 1068 cum
276 1027 362 1067 luce
386 1027 427 1065 in
451 1025 678 1064 concionem
704 1021 918 1072 prodituro.

114 1090 209 1130 XX.
241 1088 316 1128 Sed
337 1088 379 1127 C.
401 1085 614 1126 Trebonius
629 1114 641 1132 ‚
664 1083 842 1123 omnibus
870 1080 1029 1120 occlusis
1060 1079 1173 1119 curiae
1195 1076 1343 1126 januis,

62 1151 312 1204 praesidioque
339 1155 569 1187 armatorum
593 1144 766 1196 oppossto
782 1173 793 1191 ‚
820 1151 938 1182 totam
962 1141 1017 1180 ibi
1048 1142 1202 1179 noc'tem
1226 1139 1260 1177 &
1286 1136 1345 1176 se-

62 1214 211 1266 quentis
248 1212 321 1250 diei
346 1217 493 1262 partem
530 1221 707 1258 magnam
734 1205 901 1245 otiosum
939 1203 1161 1242 consumere
1194 1199 1345 1250 coegit:

63 1279 216 1326 Atejum
246 1287 334 1313 cum
367 1274 514 1313 Catone
553 1273 588 1311 Sc
620 1271 814 1316 Favonio,
840 1269 875 1308 δε
908 1265 1047 1304 horum
1084 1263 1238 1309 amicis,
1272 1260 1350 1300 alia

66 1337 300 1383 multitudo,
335 1342 604 1386 praeoccupato
637 1333 685 1372 de
721 1330 842 1370 multa
873 1331 985 1369 noc‘te
1017 1327 1132 1375 loco,
1158 1323 1346 1364 concione

65 1399 362 1453 prohibuerunt.
398 1396 459 1437 Illi
483 1405 613 1435 tamen
639 1394 768 1433 omnia
799 1391 951 1438 conati,
973 1389 1163 1430 Favonius
1189 1390 1225 1427 Sc
1247 1387 1348 1426 Nin-

68 1462 152 1501 nius
184 1460 283 1499 clam
306 1467 453 1509 reperto
485 1457 614 1505 aditu,
637 1456 734 1495 Cato
765 1456 800 1494 ἃ
831 1455 961 1502 Atejus
988 1451 1149 1490 aliorum
1174 1449 1348 1487 humeris

66 1521 229 1569 sublati,
270 1520 605 1560 obnuntiaverunt.
657 1517 834 1558 Ceterum
869 1515 924 1554 vis
953 1513 1251 1553 adversariorum
1282 1522 1348 1548 va-

67 1584 182 1624 lidior
206 1583 291 1625 fuit.
326 1582 513 1621 submotis
544 1580 602 1619 his
631 1593 651 1618 a
681 1579 790 1626 foro,
817 1576 1074 1631 pulsatisque,
1098 1585 1212 1625 atque
1232 1573 1348 1612 etiam

67 1643 274 1682 interfectis
313 1642 475 1681 aliorum
504 1640 607 1680 haud
635 1641 766 1690 paucis
782 1669 794 1688 ,
819 1650 907 1677 cum
932 1638 1046 1676 etiam
1073 1636 1114 1677 L,
1135 1634 1272 1676 Annali
1294 1632 1352 1672 se·-

70 1705 194 1744 natori
213 1703 358 1744 Craffus
384 1702 462 1754 ipsc
484 1702 626 1742 facicm
648 1714 778 1753 pugno
801 1699 1050 1748 contudiffet,
1070 1711 1138 1750 per
1157 1698 1236 1737 vim
1259 1708 1353 1747 per-

4 1794 7 1799 ·
68 1767 144 1806 lata
164 1766 226 1805 lex
247 1765 312 1806 est.

126 1828 239 1869 XXI.
271 1828 368 1866 Ecce
388 1834 537 1875 autem,
561 1823 704 1876 populo
730 1826 807 1874 jam
831 1824 1039 1875 incipiente
1062 1820 1202 1868 dilabi,
1223 1830 1353 1858 recur-

70 1889 119 1928 rit
145 1890 185 1927 in
214 1889 341 1928 forum
369 1890 524 1937 AtejuS‚
552 1887 739 1937 collegam
766 1886 917 1926 Gallum
948 1898 1062 1924 manu
1093 1884 1262 1929 ducens,
1287 1880 1354 1930 qui

70 1965 91 1991 e
122 1952 225 1991 curia
263 1951 303 1990 in
341 1951 571 1990 concionem
602 1958 781 1998 venerat,
809 1949 940 1999 ibique
974 1948 1098 1986 fuerat
1122 1944 1354 1984 vulneratus.

71 2014 118 2055 Id
142 2013 342 2053 ostendens
366 2013 600 2053 multitudini
623 2014 772 2061 Ateius,
795 2011 923 2061 reique
953 2008 1245 2049 convenientem
1268 2018 1353 2044 ora-

73 2076 222 2115 tionem
249 2075 380 2123 orsus,
408 2088 638 2126 magnopere
671 2073 825 2125 plebem
853 2070 1148 2117 cominovebat3
1180 2081 1288 2114 cum,
1313 2079 1353 2105 re

74 2139 274 2187 nuntiata,
303 2138 476 2179 consules
503 2139 611 2192 (nec
646 2138 748 2178 enim
785 2135 918 2186 procul
946 2135 1038 2174 inde
1062 2145 1198 2183 magna
1231 2130 1356 2180 stipati

75 2214 192 2240 manu
213 2201 399 2255 aberant)
422 2200 641 2251 repulerunt
660 2198 860 2238 tribunos:
885 2206 1094 2246 vocataque
1119 2193 1240 2232 statim
1263 2204 1357 2229 con-

79 2264 217 2312 cione,
242 2264 357 2303 etiam
383 2266 425 2301 de
445 2263 642 2317 provinciis
668 2261 814 2314 Caefizris
829 2291 841 2309 ,
869 2248 1202 2312 in'quihquennium
1225 2254 1255 2292 ei
1276 2268 1357 2306 pro-

125 2379 146 2423 ᾗ
171 2379 293 2411 XVIII.
318 2380 406 2412 Plut.
427 2380 460 2410 in
489 2380 563 2412 Cat.
586 2378 729 2411 Diodor.
753 2377 773 2419 5
793 2377 885 2410 XIX.
902 2376 976 2407 Liv.
999 2375 1091 2418 Epit.
1117 2373 1207 2406 Plut.
1225 2368 1354 2414 Velle]-

81 2435 120 2465 2,
142 2426 195 2464 46.
216 2425 363 2468 Appiam.
387 2424 478 2456 civil.
505 2425 527 2456 l.
552 2436 583 2467 3.
618 2423 638 2467 ἓ
664 2422 738 2456 XX.
760 2422 850 2454 mut.
874 2422 908 2454 in
930 2419 1033 2453 Craff.
1057 2431 1086 2450 c.
1110 2418 1165 2458 85.

1029 2473 1127 2531 N4
