1675 2959
206 143 575 202 31NLOC.
627 143 912 193 LIB.CIII
965 146 1115 194 LIV.
1277 164 1362 212 145²

1163 202 1181 215 x

88 260 135 288 ea
169 260 256 287 cum
288 249 481 288 videretur
512 250 676 301 ineptior
709 251 866 300 divisio,
903 253 1007 302 quod
1045 255 1080 292 &
1114 253 1369 296 Narbonensis

85 308 362 362 excludebatur
376 310 593 360 provincia,
611 313 646 350 &
662 312 873 362 Aquitaniae
896 313 990 351 fines
1002 343 1013 361 ,
1034 323 1245 353 ceterarum
1261 329 1371 355 com-

86 370 284 420 paratione
315 363 480 421 partium
497 401 508 419 ,
535 372 647 411 nimis
671 372 786 412 exiles
812 374 1050 423 viderentur3
1077 376 1259 425 Augustus
1287 376 1368 416 Cae·

86 431 164 480 sar,
193 432 379 482 quidquid
398 433 495 472 intra
519 433 654 484 Alpes,
679 444 781 473 mare
809 436 1155 484 mediterraneum,
1185 438 1219 476 Sc
1246 438 1370 477 Ocea-

88 507 206 543 num,
233 497 268 534 Sc
294 495 472 535 Rhenum
502 505 685 536 terrarum
707 499 834 546 jacet,
874 509 951 536 uno
974 497 1183 538 Galliarum
1213 502 1371 539 nomine

88 554 339 605 complexus,
364 557 573 606 Aquitaniae
594 557 767 596 nationes
790 557 932 606 adJecit
952 558 1264 607 quatuordecim:
1291 560 1374 598 uni..

89 615 201 655 versae
227 616 357 656 Galliae
381 618 594 667 provincias
618 617 812 656 constituit
835 629 1019 667 quatuor,
1048 620 1285 659 Narbonensi
1307 621 1375 660 ad-

91 677 191 717 dita:
235 688 317 725 quae
344 679 483 714 iterum
513 676 581 715 sub
607 685 779 728 tempora
808 679 1040 718 Constantini
1064 681 1309 721 discesserunt
1332 684 1375 723 in

90 746 217 787 partes
232 734 534 787 leptemdecim
565 751 648 789 quae
678 739 818 778 deinde
850 741 1006 790 partitio
1029 755 1050 781 a
1074 743 1253 784 Romanis
1281 745 1378 823 sem

91 810 161 848 per
180 798 232 836 est
259 806 416 838 retenta.

149 858 410 900 CXXXVIII.
442 859 532 908 Ejus
560 858 641 898 haec
675 859 728 898 est
762 860 919 900 notitia.
954 859 1192 910 Viennenfis
1225 862 1388 917 Lugdun-
1434 899 1439 903 .

92 920 240 967 nenfis,
271 920 473 962 Germania
498 921 644 969 prima,
674 921 877 959 Germania
903 921 1093 971 secunda,
1121 925 1272 975 Belgica
1304 929 1382 976 pri-

94 995 183 1028 ma,
217 981 369 1029 Belgica
394 981 583 1027 secunda,
610 981 722 1026 Alpes
751 983 977 1030 maritimae,
1001 984 1116 1033 Alpes
1145 989 1317 1027 l'enninae
1343 990 1381 1027 &

95 1041 238 1087 Grajae,
273 1039 450 1076 Maxima
484 1035 771 1085 Sequanorum,
798 1038 1023 1086 Aquitanica
1045 1042 1192 1088 prima,
1223 1046 1390 1091 Aquita-L

95 1100 182 1139 nica
215 1097 411 1143 secunda,
447 1097 599 1137 Novem
624 1098 901 1154 populorum,
940 1100 1196 1141 Narbonensis
1236 1104 1385 1154 prima,

95 1159 354 1202 Narbonenfis
383 1157 570 1204 secunda,
607 1158 868 1208 Lugdunensis
896 1160 1087 1208 secunda,
1119 1163 1382 1213 Lugdunenfis

98 1224 233 1270 tertia,
260 1217 521 1271 Lugdunensis
538 1220 713 1259 Senonia.
742 1221 889 1260 Harum
912 1223 1131 1264 Viennenlis
1154 1225 1270 1265 hodie
1292 1228 1384 1265 Del.—

93 1276 268 1338 plzinatzis
298 1290 456 1321 vocatur
476 1310 487 1328 ,
519 1282 618 1320 inter
657 1281 792 1321 fluvios
821 1281 962 1322 Isaram
995 1285 1302 1336 Rhodanumque
1334 1288 1386 1327 ad

99 1342 196 1384 fines
218 1343 470 1393 Allobrogum
501 1341 586 1381 fita:
621 1343 730 1390 cujus
751 1344 965 1382 etiamnum
994 1356 1110 1395 caput
1130 1346 1277 1385 Vienna
1310 1348 1388 1395 est,

101 1404 379 1456 archiepiscopi
410 1403 542 1451 sedes,
576 1402 669 1442 ficut
704 1403 795 1442 olim
826 1400 1032 1444 consularis
1066 1407 1149 1446 fuit.
1196 1407 1387 1458 Pleraeque

103 1467 208 1507 enim
238 1478 371 1505 omnes
401 1464 540 1512 urbes,
576 1477 667 1514 quas
701 1464 922 1504 Romanum
954 1466 1159 1516 imperium
1194 1478 1390 1520 metropo-

103 1529 159 1569 les
183 1528 304 1574 fecit,
338 1525 677 1577 archiepiscopales
705 1527 834 1577 postea
855 1528 1086 1568 exstiterunt.
1154 1578 1162 1586 Ι

162 1588 396 1628 CXXXIX.
418 1588 596 1627 Ceterum
612 1588 722 1627 urbes
738 1588 954 1628 Viennenlis
965 1590 1170 1639 provineiae
1183 1591 1221 1628 in
1238 1591 1390 1631 itinera<¹

105 1652 185 1700 rio,
205 1651 308 1701 quod
325 1651 504 1690 Antonini
521 1659 683 1697 vocant,
707 1660 887 1690 notantur
905 1653 1216 1701 quatuordecim:
1239 1654 1389 1694 Vienna

106 1713 352 1764 metropolis,
371 1714 501 1753 civitas
525 1714 823 1761 Genevenfium,
849 1715 1311 1765 Gratianopolitanorum,
1330 1717 1391 1756 Al-

106 1776 278 1817 bensium
299 1775 362 1814 seu
385 1776 623 1816 vivariorum
639 1806 651 1822 ,
678 1776 878 1815 Deenfium
892 1806 904 1825 ,
933 1777 1224 1816 Valentinorum
1238 1809 1247 1825 ,
1264 1779 1395 1819 Trica,

106 1838 311 1884 stinorum,
328 1837 631 1886 Vafionenfium,
649 1838 908 1877 Arauficorum
921 1869 932 1886 ,
952 1839 1391 1891 Carpentoradienfimn,

110 1898 392 1940 Caballicorum
406 1929 417 1946 ,
446 1898 754 1947 Maffilienfium,
775 1902 1056 1940 Avennicorurn
1071 1933 1082 1950 ‚
1105 1902 1391 1945 Arelatensium.

109 1974 193 2012 quae
217 1973 351 2000 omnes
375 1960 448 1999 suis
470 1960 620 2011 adhuc,
642 1971 707 2001 aut
728 1961 886 2011 paulum
909 1964 1067 2002 deflexis
1088 1965 1308 2005 nominibus
1327 1962 1396 2005 no.

108 2023 266 2063 scuntur
278 2055 288 2071 ,
301 2022 462 2062 totidem
484 2035 586 2062 nunc
609 2024 869 2074 episcopatus,
890 2034 1022 2074 praeter
1036 2025 1129 2065 duas
1147 2025 1297 2066 ultimas
1311 2057 1322 2075 .,
1340 2041 1397 2068 ar-

112 2084 461 2136 chipiescopalibus
485 2083 616 2123 infulis
638 2085 810 2135 infignes‚
837 2086 1117 2136 Gratianopolis
1141 2088 1256 2125 etiam
1277 2089 1395 2127 tribu.

30 2166 46 2194 r
112 2146 178 2186 nal
197 2146 337 2192 habet,
363 2145 642 2184 Pau-lamentum
667 2157 818 2186 vocant.
849 2149 1026 2198 Sequitur
1051 2149 1334 2199 Lugdunensis,
1356 2153 1397 2192 in

114 2221 276 2262 quatuor
298 2208 441 2248 tributa
459 2218 603 2259 partes,
621 2210 792 2250 universa
807 2224 951 2250 nomen
972 2225 992 2251 a
1008 2213 1214 2263 metropoli
1237 2213 1394 2255 habens

126 2314 183 2358 ’ξ
219 2314 426 2347 CXXXVII.
458 2315 645 2349 Marcellin.
682 2326 827 2357 15,11.
860 2314 948 2349 Flor.
981 2325 1020 2359 3,
1049 2316 1194 2358 9.Plut.
1230 2317 1302 2351 Cic.
1336 2329 1400 2361 pro

118 2360 206 2392 dom.
240 2371 268 2391 c
299 2370 351 2401 35.
383 2359 724 2404 Diodor.Ve11ej.§
754 2361 960 2394 CXXva
1000 2362 1401 2404 Diodor.Appian.c1-

120 2405 184 2437 vil.
214 2405 238 2436 l.
262 2414 294 2435 2.
326 2404 402 2435 Val.
428 2405 521 2436 Max.
547 2415 558 2436 1
580 2414 644 2446 ‚.7
655 2371 691 2450 J§
717 2405 902 2442 CXXXIX
931 2405 1003 2439 Cic.
1023 2407 1144 2450 proSe
1148 2414 1197 2438 Χι-
1225 2417 1253 2438 c.
1281 2407 1400 2450 54,&

118 2448 158 2481 le
185 2447 292 2479 divin.
313 2447 389 2479 val.
410 2447 505 2480 Max.

202 2503 252 2550 T.
278 2503 394 2550 Livii
426 2505 524 2550 Vol.
552 2503 652 2552 ΧΗ
1146 2501 1194 2548 K
