1675 2959
155 140 159 143 .
221 112 364 169 ηιμ
427 107 518 156 10.
567 106 1073 158 FREINSHEMH
1109 108 1455 158 SUPPLEMs

260 213 343 259 alia
363 217 487 264 major
508 215 618 255 causa
643 214 720 254 fuit
735 246 746 263 ,
767 229 836 254 eur
862 216 1062 265 Helvetii,
1087 216 1240 258 sedibus
1265 209 1347 258 sui?
1365 216 1553 266 incensis,

261 276 354 316 alias
384 278 622 316 instituerent
645 279 686 316 in
712 277 840 317 Gallia
864 279 1035 317 interiori
1065 292 1241 329 quaerere.

316 338 420 377 VIII.
443 337 504 377 Ibi
527 340 606 386 jam
631 338 843 389 antiquitus
866 338 1019 378 initium
1045 339 1257 389 Germaniae
1278 339 1365 379 fuit.
1398 351 1443 378 ea
1463 337 1551 377 loca

258 398 395 439 incerti
417 407 524 438 erant
543 399 635 448 juris
652 428 663 446 ‚
688 399 794 448 quod
812 412 916 438 nune
936 412 958 438 a
981 399 1099 440 Ganis
1124 401 1402 441 invadebantur
1417 430 1428 448 ‚
1447 410 1550 437 nunc

259 462 546 512 recipiebantur
575 475 597 500 a
625 460 840 501 Germanis.
892 462 951 501 Ibi
985 462 1218 502 Decumates
1257 464 1335 514 agri
1373 464 1551 510 fuerunt,

260 523 388 574 postea
419 532 522 564 trans
549 523 732 563 Rhenum
758 523 1083 574 Danubiumque;
1118 525 1228 573 cujus
1257 525 1298 563 in
1329 524 1552 575 propinquo

258 585 387 624 fontes
410 585 519 633 sunt,
548 585 609 625 vix
630 586 796 624 duorum
825 584 1043 625 milliarium
1063 600 1084 625 a
1101 587 1181 637 ripa
1198 585 1324 626 Rheni
1347 587 1466 636 spatio
1494 585 1552 624 di-

259 645 386 684 remti.
425 645 641 696 Hegoviarn
663 647 846 685 nostrates
868 656 1030 695 vocant,
1053 648 1268 698 oppositam
1286 647 1555 688 Helvetiorum

258 704 470 755 Turgaviae.
511 706 614 746 Infra
639 708 855 758 Hegoviam
883 707 1094 747 Clechovia
1119 711 1242 757 jacet,
1270 709 1463 749 Martiano
1489 700 1578 747 ne-'

259 779 370 804 more
406 768 540 818 (quod
574 769 778 820 Hercyniae
806 768 901 808 filvae
935 779 1052 820 caput
1079 769 1162 824 est)
1200 772 1235 809 ἃ.
1266 769 1405 809 Rheno
1437 780 1553 808 amne

263 828 478 867 terminata.
517 828 561 868 In
591 829 667 868 illis
701 830 945 881 regionibu3‚
970 834 1006 871 δε
1031 845 1113 881 quae
1141 841 1321 882 praeterea
1355 830 1473 881 usque
1503 830 1554 873 ad

260 888 464 928 Cattorum
491 890 585 929 fines
615 891 878 940 descendunt,
907 893 1139 932 Decumates
1168 905 1279 944 agros
1306 891 1415 932 fuiffe
1441 889 1554 931 intel·

258 946 338 999 ligo
353 980 365 997 ‚
391 950 512 990 finum
541 953 694 1003 imperii
723 955 759 993 ἃ
782 952 968 993 Rhaeticae
983 949 1382 1004 provinciae'partem.

316 1009 387 1050 IX.
411 1011 518 1052 Ultra
545 1011 615 1052 hos
649 1013 751 1053 Catti
778 1022 984 1053 tenuerunt
1008 1014 1053 1053 iis
1079 1014 1242 1063 finibus,
1276 1014 1415 1064 quibus
1446 1024 1554 1052 nunc

260 1071 450 1125 Thuringi
481 1074 593 1124 sunt,
620 1074 803 1127 Haffique
819 1107 831 1125 ‚
858 1079 894 1117 ἃ
919 1077 970 1116 ad
989 1076 1172 1117 Rhenum
1189 1078 1350 1117 fiuvium
1378 1077 1554 1128 plorreeta

259 1134 580 1186 Westpharorum
604 1139 742 1189 portio.
777 1140 920 1180 Eorum
944 1153 1028 1190 pars
1053 1139 1256 1188 Mattiaci,
1282 1152 1371 1178 cum
1395 1137 1557 1178 Tacitus

263 1195 456 1244 scriberet,
481 1199 666 1240 Romanis
689 1200 846 1249 subditi,
865 1202 1013 1240 dietum
1029 1199 1076 1239 ab
1096 1201 1243 1251 oppido
1260 1199 1400 1240 Mattio
1421 1209 1556 1249 agrum

264 1256 493 1298 coluerunt:
533 1262 644 1310 cujus
672 1261 809 1312 oppidi
842 1274 986 1300 nomen
1010 1260 1139 1300 adhuc
1168 1263 1202 1301 8<
1232 1260 1385 1309 vestigia
1411 1258 1556 1298 servare

262 1321 388 1359 tenuis
418 1322 467 1361 ad
494 1323 687 1362 Adranam
709 1323 814 1363 vicus
845 1324 1019 1364 traditur.
1056 1324 1100 1363 In
1127 1335 1261 1362 eorum
1289 1336 1379 1373 agro
1409 1319 1559 1360 calidis-

262 1382 348 1422 fimi
366 1383 492 1424 fontes
512 1385 755 1435 visebantur,
780 1400 875 1438 quos
899 1386 1017 1427 hodi‘e
1042 1387 1197 1435 frustra,
1217 1386 1286 1425 nisi
1307 1385 1410 1437 apud
1428 1383 1560 1425 Visba=

266 1445 401 1501 denses
427 1457 561 1487 contra
582 1448 831 1500 Moguntiam
856 1449 966 1498 sitos,
991 1451 1170 1500 requiras.
1208 1450 1346 1498 Neque
1371 1460 1557 1494 moveor,

266 1508 373 1558 quod
411 1511 515 1560 apud
540 1510 790 1551 Ptolemaeum
811 1511 986 1553 Mattiaci
1018 1511 1329 1563 &Moguntiaci
1356 1510 1406 1549 ad
1437 1509 1558 1549 millia
1622 1532 1636 1538 -

265 1569 443 1619 paffuum
469 1580 624 1611 eentum
647 1572 886 1625 septuaginta
913 1573 1080 1625 disjungi
1110 1574 1300 1614 videntur.
1332 1573 1416 1612 Nec
1450 1572 1557 1610 enim

201 1657 203 1659 -
264 1630 445 1681 ignotum
467 1635 540 1684 est,
557 1640 635 1689 (ne
660 1636 805 1675 auetori
821 1635 976 1687 culpam
998 1636 1265 1690 imputemus)
1288 1648 1401 1686 quam
1418 1632 1559 1684 procli-

270 1696 329 1735 vis
350 1697 393 1736 fit
414 1699 452 1737 in
476 1699 578 1740 notis
607 1713 876 1749 numerorum,
907 1710 1021 1752 atque
1052 1702 1092 1739 in
1125 1700 1226 1740 illius
1253 1698 1443 1751 praecipue
1467 1696 1557 1737 scri-

265 1761 390 1810 ptoris
415 1774 530 1812 opere
554 1763 731 1814 frequens
754 1763 995 1802 librariorum
1022 1763 1224 1803 aberratio.

324 1821 378 1862 X.
406 1823 538 1863 Cattos
566 1825 719 1874 penitus
742 1825 851 1864 fuisse
875 1824 1045 1872 deletos,
1063 1822 1309 1874 quorundam
1329 1820 1462 1871 opinio
1478 1819 1554 1859 est:

266 1884 367 1924 mihi
392 1886 516 1925 verius
538 1887 713 1934 videtur,
734 1885 871 1926 Hass'os
894 1899 997 1925 nunc
1019 1885 1118 1933 ess'e,
1139 1885 1203 1935 qui
1226 1883 1318 1923 olim
1346 1882 1446 1922 Catti
1474 1882 1558 1920 fue-

267 1955 386 1996 runt3
419 1961 542 1999 neque
565 1948 669 1989 aliud
696 1961 863 1996 nomen,
889 1948 953 1988 sed
977 1947 1249 1987 tantummodo
1277 1945 1555 1996 pronuntiatio..

250 2016 252 2026 ¹
270 2023 322 2050 ne
343 2011 542 2059 differens,
563 2026 642 2052 non
664 2012 791 2060 aliter,
815 2025 929 2063 quam
952 2022 994 2051 ut
1013 2012 1087 2051 alia
1115 2010 1233 2050 multa
1246 2008 1457 2056 vocabula,
1473 2020 1555 2058 quae

269 2074 375 2123 apud
393 2073 564 2123 ejusdem
589 2075 711 2125 gentis
733 2074 853 2113 varios
880 2072 1045 2124 populos
1068 2071 1178 2111 aliter
1198 2080 1311 2122 atque
1333 2069 1445 2110 aliter
1468 2068 1558 2107 effe-

270 2142 418 2175 santur.
456 2135 536 2175 Sub
568 2136 688 2175 Cattis
718 2136 867 2186 Usspios
892 2133 1177 2184 Tenc'terosque
1206 2134 1254 2172 ad
1288 2131 1467 2172 Rhenum
1495 2130 1556 2169 100

270 2208 364 2236 cans
392 2197 574 2244 Tacitus,
600 2196 704 2238 haud
730 2198 847 2238 dubie
873 2200 1038 2238 trastum
1063 2196 1137 2235 illis
1161 2194 1344 2246 assignat,
1363 2193 1431 2233 ubi
1450 2203 1556 2231 nunc

320 2330 343 2375 ς
367 2330 445 2363 Vn.
463 2330 575 2365 Tacit.
599 2331 713 2366 Germ.
731 2342 760 2362 c.
781 2341 835 2369 29.
860 2331 1007 2362 Altham.
1031 2328 1148 2372 Pomp.
1176 2327 1259 2360 Mel..
1282 2335 1322 2367 3,
1347 2336 1378 2358 2.
1409 2323 1493 2357 Caes.
1516 2322 1556 2372 de

278 2373 317 2406 R
346 2375 385 2407 G.
410 2374 511 2407 Oros.
546 2376 588 2416 6,
611 2388 643 2408 ·.
682 2377 700 2404 G
729 2375 822 2407 Vm.
847 2375 955 2407 Tacit.
980 2373 1097 2425 Germ.
1121 2385 1149 2406 c.
1181 2384 1234 2415 29.
1268 2371 1414 2405 Altham.
1448 2368 1468 2413 ἓ
1497 2367 1559 2403 Κλ..
1607 2412 1609 2415 Ι

280 2417 392 2454 Tacit.
412 2420 526 2456 Germ.
550 2433 578 2455 c.
597 2431 629 2464 9-
655 2419 803 2454 Annam.
834 2419 923 2455 Ptin.
949 2429 985 2463 31
1002 2445 1012 2461 ,
1029 2427 1062 2459 7.
