<?xml version="1.0" encoding="UTF-8"?>
<!DOCTYPE html PUBLIC "-//W3C//DTD XHTML 1.0 Transitional//EN"
    "http://www.w3.org/TR/xhtml1/DTD/xhtml1-transitional.dtd">
<html xmlns="http://www.w3.org/1999/xhtml" xml:lang="en" lang="en">
 <head>
  <title>
</title>
<meta http-equiv="Content-Type" content="text/html;charset=utf-8" />
  <meta name='ocr-system' content='tesseract 3.04.00' />
  <meta name='ocr-capabilities' content='ocr_page ocr_carea ocr_par ocr_line ocrx_word'/>
</head>
<body>
  <div class='ocr_page' id='page_1' title='image "./historiarumlibri10livyuoft_0088.png"; bbox 0 0 1675 2959; ppageno 0'>
   <div class='ocr_carea' id='block_1_1' title="bbox 240 122 1422 190">
    <p class='ocr_par' dir='ltr' id='par_1_1' title="bbox 240 122 1422 190">
     <span class='ocr_line' id='line_1_1' title="bbox 240 122 1422 190; baseline 0.002 -17"><span class='ocrx_word' id='word_1_1' title='bbox 240 123 310 190; x_wconf 66' lang='lat'>&#39;76¹</span> <span class='ocrx_word' id='word_1_2' title='bbox 370 123 472 174; x_wconf 84' lang='lat' dir='ltr'>JO.</span> <span class='ocrx_word' id='word_1_3' title='bbox 507 122 1029 172; x_wconf 85' lang='lat' dir='ltr'>FREINSHEMII</span> <span class='ocrx_word' id='word_1_4' title='bbox 1064 122 1422 175; x_wconf 75' lang='lat' dir='ltr'><strong>SUPPLEM;</strong></span> 
     </span>
    </p>
   </div>
   <div class='ocr_carea' id='block_1_2' title="bbox 231 226 1571 842">
    <p class='ocr_par' dir='ltr' id='par_1_2' title="bbox 231 226 1571 842">
     <span class='ocr_line' id='line_1_2' title="bbox 237 226 1571 285; baseline 0 -11"><span class='ocrx_word' id='word_1_5' title='bbox 237 239 287 273; x_wconf 80' lang='lat' dir='ltr'>tae</span> <span class='ocrx_word' id='word_1_6' title='bbox 313 246 436 285; x_wconf 88' lang='lat' dir='ltr'>opes:</span> <span class='ocrx_word' id='word_1_7' title='bbox 465 245 701 284; x_wconf 88' lang='lat' dir='ltr'>quamquam</span> <span class='ocrx_word' id='word_1_8' title='bbox 728 231 911 271; x_wconf 82' lang='lat' dir='ltr'>diuturno</span> <span class='ocrx_word' id='word_1_9' title='bbox 940 233 977 271; x_wconf 74' lang='grc' dir='ltr'>δε</span> <span class='ocrx_word' id='word_1_10' title='bbox 1006 231 1153 271; x_wconf 83' lang='lat' dir='ltr'>infelici</span> <span class='ocrx_word' id='word_1_11' title='bbox 1179 232 1283 273; x_wconf 88' lang='lat' dir='ltr'>bello</span> <span class='ocrx_word' id='word_1_12' title='bbox 1311 233 1527 274; x_wconf 79' lang='lat' dir='ltr'>maximam</span> <span class='ocrx_word' id='word_1_13' title='bbox 1567 226 1571 227; x_wconf 37' lang='lat'><em>⁷</em></span> 
     </span>
     <span class='ocr_line' id='line_1_3' title="bbox 235 293 1530 348; baseline -0.001 -12"><span class='ocrx_word' id='word_1_14' title='bbox 235 296 317 336; x_wconf 89' lang='lat' dir='ltr'>vim</span> <span class='ocrx_word' id='word_1_15' title='bbox 332 297 516 348; x_wconf 76' lang='lat' dir='ltr'>-pecuniae</span> <span class='ocrx_word' id='word_1_16' title='bbox 532 295 781 337; x_wconf 84' lang='lat' dir='ltr'>Mithridates</span> <span class='ocrx_word' id='word_1_17' title='bbox 801 293 1044 334; x_wconf 87' lang='lat' dir='ltr'>absumserat.</span> <span class='ocrx_word' id='word_1_18' title='bbox 1068 295 1232 336; x_wconf 84' lang='lat' dir='ltr'>Talaura</span> <span class='ocrx_word' id='word_1_19' title='bbox 1252 297 1445 347; x_wconf 88' lang='lat' dir='ltr'>praecipue</span> <span class='ocrx_word' id='word_1_20' title='bbox 1468 309 1530 335; x_wconf 86' lang='lat' dir='ltr'>re-</span> 
     </span>
     <span class='ocr_line' id='line_1_4' title="bbox 234 356 1530 410; baseline -0.002 -11"><span class='ocrx_word' id='word_1_21' title='bbox 234 359 334 399; x_wconf 84' lang='lat' dir='ltr'>ferta</span> <span class='ocrx_word' id='word_1_22' title='bbox 361 359 488 399; x_wconf 85' lang='lat' dir='ltr'>omnis</span> <span class='ocrx_word' id='word_1_23' title='bbox 518 358 666 410; x_wconf 85' lang='lat' dir='ltr'>generis</span> <span class='ocrx_word' id='word_1_24' title='bbox 694 356 923 408; x_wconf 85' lang='lat' dir='ltr'>opulentia,</span> <span class='ocrx_word' id='word_1_25' title='bbox 961 357 1183 407; x_wconf 86' lang='lat' dir='ltr'>quaestorem</span> <span class='ocrx_word' id='word_1_26' title='bbox 1201 388 1214 405; x_wconf 90' lang='lat'>‚</span> <span class='ocrx_word' id='word_1_27' title='bbox 1247 358 1340 397; x_wconf 86' lang='lat' dir='ltr'>dum</span> <span class='ocrx_word' id='word_1_28' title='bbox 1371 359 1530 397; x_wconf 76' lang='lat' dir='ltr'>inventa</span> 
     </span>
     <span class='ocr_line' id='line_1_5' title="bbox 234 417 1529 471; baseline -0.001 -12"><span class='ocrx_word' id='word_1_29' title='bbox 234 420 465 471; x_wconf 84' lang='lat' dir='ltr'>percenset,</span> <span class='ocrx_word' id='word_1_30' title='bbox 493 420 543 459; x_wconf 91' lang='lat' dir='ltr'>ad</span> <span class='ocrx_word' id='word_1_31' title='bbox 574 419 656 459; x_wconf 86' lang='lat' dir='ltr'>dies</span> <span class='ocrx_word' id='word_1_32' title='bbox 683 418 867 468; x_wconf 88' lang='lat' dir='ltr'>tringinta</span> <span class='ocrx_word' id='word_1_33' title='bbox 893 418 1144 457; x_wconf 86' lang='lat' dir='ltr'>attinuerunt.</span> <span class='ocrx_word' id='word_1_34' title='bbox 1171 418 1259 458; x_wconf 91' lang='lat' dir='ltr'>Duo</span> <span class='ocrx_word' id='word_1_35' title='bbox 1286 418 1379 457; x_wconf 93' lang='lat' dir='ltr'>inde</span> <span class='ocrx_word' id='word_1_36' title='bbox 1407 417 1529 460; x_wconf 84' lang='lat' dir='ltr'>millia</span> 
     </span>
     <span class='ocr_line' id='line_1_6' title="bbox 232 478 1530 532; baseline 0.001 -12"><span class='ocrx_word' id='word_1_37' title='bbox 232 481 468 532; x_wconf 82' lang='lat' dir='ltr'>poculorum</span> <span class='ocrx_word' id='word_1_38' title='bbox 500 494 551 521; x_wconf 83' lang='lat' dir='ltr'>ex</span> <span class='ocrx_word' id='word_1_39' title='bbox 587 479 740 532; x_wconf 87' lang='lat' dir='ltr'>onyche</span> <span class='ocrx_word' id='word_1_40' title='bbox 768 479 938 520; x_wconf 89' lang='lat' dir='ltr'>Romani</span> <span class='ocrx_word' id='word_1_41' title='bbox 973 478 1229 528; x_wconf 88' lang='lat' dir='ltr'>sustulerunt,</span> <span class='ocrx_word' id='word_1_42' title='bbox 1268 492 1359 519; x_wconf 92' lang='lat' dir='ltr'>cum</span> <span class='ocrx_word' id='word_1_43' title='bbox 1395 479 1530 521; x_wconf 64' lang='lat' dir='ltr'>multis,</span> 
     </span>
     <span class='ocr_line' id='line_1_7' title="bbox 233 540 1532 594; baseline -0.002 -13"><span class='ocrx_word' id='word_1_44' title='bbox 233 542 396 594; x_wconf 84' lang='lat' dir='ltr'>phialis,</span> <span class='ocrx_word' id='word_1_45' title='bbox 416 542 514 583; x_wconf 88' lang='lat' dir='ltr'>sellis</span> <span class='ocrx_word' id='word_1_46' title='bbox 534 542 664 590; x_wconf 61' lang='lat' dir='ltr'>lectis,</span> <span class='ocrx_word' id='word_1_47' title='bbox 678 554 868 592; x_wconf 87' lang='lat' dir='ltr'>equorum</span> <span class='ocrx_word' id='word_1_48' title='bbox 887 541 1004 580; x_wconf 89' lang='lat' dir='ltr'>etiam</span> <span class='ocrx_word' id='word_1_49' title='bbox 1026 540 1191 592; x_wconf 84' lang='lat' dir='ltr'>phaleris</span> <span class='ocrx_word' id='word_1_50' title='bbox 1216 542 1340 580; x_wconf 83' lang='lat' dir='ltr'>aureis</span> <span class='ocrx_word' id='word_1_51' title='bbox 1360 553 1532 591; x_wconf 83' lang='lat' dir='ltr'>gemma-</span> 
     </span>
     <span class='ocr_line' id='line_1_8' title="bbox 234 601 1531 657; baseline -0.004 -13"><span class='ocrx_word' id='word_1_52' title='bbox 234 604 373 656; x_wconf 76' lang='lat' dir='ltr'>tisque.</span> <span class='ocrx_word' id='word_1_53' title='bbox 406 606 502 647; x_wconf 86' lang='lat' dir='ltr'>Haec</span> <span class='ocrx_word' id='word_1_54' title='bbox 526 605 665 656; x_wconf 84' lang='lat' dir='ltr'>partim</span> <span class='ocrx_word' id='word_1_55' title='bbox 694 619 718 641; x_wconf 87' lang='lat' dir='ltr'>a</span> <span class='ocrx_word' id='word_1_56' title='bbox 738 604 860 647; x_wconf 81' lang='lat' dir='ltr'>Dario</span> <span class='ocrx_word' id='word_1_57' title='bbox 880 603 1077 657; x_wconf 74' lang='lat' dir='ltr'>Hystaspis</span> <span class='ocrx_word' id='word_1_58' title='bbox 1091 604 1175 654; x_wconf 88' lang='lat' dir='ltr'>filio</span> <span class='ocrx_word' id='word_1_59' title='bbox 1196 601 1386 655; x_wconf 76' lang='lat' dir='ltr'>pervemffe</span> <span class='ocrx_word' id='word_1_60' title='bbox 1405 603 1455 639; x_wconf 81' lang='lat' dir='ltr'>ad</span> <span class='ocrx_word' id='word_1_61' title='bbox 1475 601 1531 639; x_wconf 71' lang='lat' dir='ltr'>ul-</span> 
     </span>
     <span class='ocr_line' id='line_1_9' title="bbox 233 662 1531 714; baseline -0.002 -8"><span class='ocrx_word' id='word_1_62' title='bbox 233 668 356 706; x_wconf 79' lang='lat' dir='ltr'>timum</span> <span class='ocrx_word' id='word_1_63' title='bbox 380 667 633 706; x_wconf 79' lang='lat' dir='ltr'>Mithridatem</span> <span class='ocrx_word' id='word_1_64' title='bbox 654 664 901 705; x_wconf 84' lang='lat' dir='ltr'>ferebantur:</span> <span class='ocrx_word' id='word_1_65' title='bbox 936 678 1022 714; x_wconf 84' lang='lat' dir='ltr'>pars</span> <span class='ocrx_word' id='word_1_66' title='bbox 1042 677 1132 704; x_wconf 90' lang='lat' dir='ltr'>cum</span> <span class='ocrx_word' id='word_1_67' title='bbox 1155 664 1372 704; x_wconf 82' lang='lat' dir='ltr'>Alexandro</span> <span class='ocrx_word' id='word_1_68' title='bbox 1399 662 1481 702; x_wconf 90' lang='lat' dir='ltr'>filio</span> <span class='ocrx_word' id='word_1_69' title='bbox 1508 676 1531 703; x_wconf 82' lang='lat' dir='ltr'>a</span> 
     </span>
     <span class='ocr_line' id='line_1_10' title="bbox 236 726 1530 780; baseline -0.004 -10"><span class='ocrx_word' id='word_1_70' title='bbox 236 729 443 780; x_wconf 87' lang='lat' dir='ltr'>Cleopatra</span> <span class='ocrx_word' id='word_1_71' title='bbox 469 730 509 769; x_wconf 89' lang='lat' dir='ltr'>in</span> <span class='ocrx_word' id='word_1_72' title='bbox 532 728 681 780; x_wconf 85' lang='lat' dir='ltr'>templo</span> <span class='ocrx_word' id='word_1_73' title='bbox 705 727 915 778; x_wconf 82' lang='lat' dir='ltr'>AEsculapii</span> <span class='ocrx_word' id='word_1_74' title='bbox 943 727 1392 778; x_wconf 79' lang='lat' dir='ltr'>deposita,tradentibus</span> <span class='ocrx_word' id='word_1_75' title='bbox 1418 726 1530 766; x_wconf 73' lang='lat' dir='ltr'>Cois,</span> 
     </span>
     <span class='ocr_line' id='line_1_11' title="bbox 231 788 1528 842; baseline -0.002 -12"><span class='ocrx_word' id='word_1_76' title='bbox 231 791 335 832; x_wconf 63' lang='lat' dir='ltr'>fasta</span> <span class='ocrx_word' id='word_1_77' title='bbox 369 792 474 832; x_wconf 90' lang='lat' dir='ltr'>illius</span> <span class='ocrx_word' id='word_1_78' title='bbox 500 800 637 832; x_wconf 89' lang='lat' dir='ltr'>erant:</span> <span class='ocrx_word' id='word_1_79' title='bbox 673 802 747 830; x_wconf 89' lang='lat' dir='ltr'>nec</span> <span class='ocrx_word' id='word_1_80' title='bbox 771 801 897 842; x_wconf 88' lang='lat' dir='ltr'>pauca</span> <span class='ocrx_word' id='word_1_81' title='bbox 921 790 1001 840; x_wconf 90' lang='lat' dir='ltr'>ipse</span> <span class='ocrx_word' id='word_1_82' title='bbox 1027 798 1256 841; x_wconf 86' lang='lat' dir='ltr'>paraverat,</span> <span class='ocrx_word' id='word_1_83' title='bbox 1281 788 1528 840; x_wconf 78' lang='lat' dir='ltr'>elegantioris</span> 
     </span>
    </p>
   </div>
   <div class='ocr_carea' id='block_1_3' title="bbox 231 851 1529 960">
    <p class='ocr_par' dir='ltr' id='par_1_3' title="bbox 231 851 1529 960">
     <span class='ocr_line' id='line_1_12' title="bbox 231 851 752 904; baseline -0.01 -10"><span class='ocrx_word' id='word_1_84' title='bbox 231 854 472 895; x_wconf 86' lang='lat' dir='ltr'>instrumenti</span> <span class='ocrx_word' id='word_1_85' title='bbox 505 851 752 904; x_wconf 87' lang='lat' dir='ltr'>percupidus.</span> 
     </span>
     <span class='ocr_line' id='line_1_13' title="bbox 286 911 1529 960; baseline -0.007 -4"><span class='ocrx_word' id='word_1_86' title='bbox 286 915 470 956; x_wconf 85' lang='lat' dir='ltr'>LXXIII.</span> <span class='ocrx_word' id='word_1_87' title='bbox 483 915 587 955; x_wconf 89' lang='lat' dir='ltr'>Dum</span> <span class='ocrx_word' id='word_1_88' title='bbox 610 914 662 957; x_wconf 77' lang='lat' dir='ltr'>ad</span> <span class='ocrx_word' id='word_1_89' title='bbox 684 913 788 953; x_wconf 91' lang='lat' dir='ltr'>hunc</span> <span class='ocrx_word' id='word_1_90' title='bbox 811 912 974 952; x_wconf 86' lang='lat' dir='ltr'>modum</span> <span class='ocrx_word' id='word_1_91' title='bbox 990 924 1047 951; x_wconf 87' lang='lat' dir='ltr'>res</span> <span class='ocrx_word' id='word_1_92' title='bbox 1065 912 1263 960; x_wconf 84' lang='lat' dir='ltr'>Romana,</span> <span class='ocrx_word' id='word_1_93' title='bbox 1286 911 1425 951; x_wconf 85' lang='lat' dir='ltr'>tabidae</span> <span class='ocrx_word' id='word_1_94' title='bbox 1446 924 1529 952; x_wconf 89' lang='lat' dir='ltr'>me-</span> 
     </span>
    </p>
   </div>
   <div class='ocr_carea' id='block_1_4' title="bbox 227 974 1531 2271">
    <p class='ocr_par' dir='ltr' id='par_1_4' title="bbox 227 974 1531 1896">
     <span class='ocr_line' id='line_1_14' title="bbox 229 974 1528 1027; baseline -0.005 -8"><span class='ocrx_word' id='word_1_95' title='bbox 229 979 378 1019; x_wconf 76' lang='lat' dir='ltr'>tetricis</span> <span class='ocrx_word' id='word_1_96' title='bbox 414 978 555 1026; x_wconf 88' lang='lat' dir='ltr'>instar,</span> <span class='ocrx_word' id='word_1_97' title='bbox 587 977 725 1027; x_wconf 84' lang='lat' dir='ltr'>inligni</span> <span class='ocrx_word' id='word_1_98' title='bbox 765 975 969 1027; x_wconf 83' lang='lat' dir='ltr'>splendore</span> <span class='ocrx_word' id='word_1_99' title='bbox 1005 977 1040 1015; x_wconf 84' lang='lat'>&amp;</span> <span class='ocrx_word' id='word_1_100' title='bbox 1070 974 1257 1025; x_wconf 88' lang='lat' dir='ltr'>opulento</span> <span class='ocrx_word' id='word_1_101' title='bbox 1295 974 1403 1014; x_wconf 81' lang='lat' dir='ltr'>cultu</span> <span class='ocrx_word' id='word_1_102' title='bbox 1435 975 1528 1027; x_wconf 71' lang='lat' dir='ltr'>foris</span> 
     </span>
     <span class='ocr_line' id='line_1_15' title="bbox 229 1037 1528 1093; baseline -0.003 -11"><span class='ocrx_word' id='word_1_103' title='bbox 229 1041 432 1091; x_wconf 89' lang='lat' dir='ltr'>enitescit;</span> <span class='ocrx_word' id='word_1_104' title='bbox 467 1042 569 1093; x_wconf 88' lang='lat' dir='ltr'>peste</span> <span class='ocrx_word' id='word_1_105' title='bbox 594 1041 730 1080; x_wconf 88' lang='lat' dir='ltr'>intima</span> <span class='ocrx_word' id='word_1_106' title='bbox 762 1038 1050 1089; x_wconf 87' lang='lat' dir='ltr'>propemodum</span> <span class='ocrx_word' id='word_1_107' title='bbox 1081 1038 1212 1077; x_wconf 89' lang='lat' dir='ltr'>vitalia</span> <span class='ocrx_word' id='word_1_108' title='bbox 1247 1037 1458 1087; x_wconf 85' lang='lat' dir='ltr'>exedente,</span> <span class='ocrx_word' id='word_1_109' title='bbox 1485 1040 1528 1078; x_wconf 87' lang='lat' dir='ltr'>in</span> 
     </span>
     <span class='ocr_line' id='line_1_16' title="bbox 228 1097 1527 1155; baseline -0.007 -11"><span class='ocrx_word' id='word_1_110' title='bbox 228 1104 272 1144; x_wconf 87' lang='lat' dir='ltr'>id</span> <span class='ocrx_word' id='word_1_111' title='bbox 298 1103 511 1155; x_wconf 88' lang='lat' dir='ltr'>periculum</span> <span class='ocrx_word' id='word_1_112' title='bbox 539 1103 706 1142; x_wconf 68' lang='lat' dir='ltr'>adduCta</span> <span class='ocrx_word' id='word_1_113' title='bbox 731 1101 805 1148; x_wconf 88' lang='lat' dir='ltr'>est,</span> <span class='ocrx_word' id='word_1_114' title='bbox 829 1109 871 1139; x_wconf 93' lang='lat' dir='ltr'>ut</span> <span class='ocrx_word' id='word_1_115' title='bbox 900 1113 1036 1150; x_wconf 89' lang='lat' dir='ltr'>parum</span> <span class='ocrx_word' id='word_1_116' title='bbox 1062 1099 1228 1146; x_wconf 78' lang='lat' dir='ltr'>abesset,</span> <span class='ocrx_word' id='word_1_117' title='bbox 1251 1099 1345 1148; x_wconf 80' lang='lat' dir='ltr'>quin</span> <span class='ocrx_word' id='word_1_118' title='bbox 1362 1129 1373 1147; x_wconf 87' lang='lat'>,</span> <span class='ocrx_word' id='word_1_119' title='bbox 1400 1097 1527 1136; x_wconf 80' lang='lat' dir='ltr'>omni·</span> 
     </span>
     <span class='ocr_line' id='line_1_17' title="bbox 231 1159 1527 1211; baseline -0.006 -6"><span class='ocrx_word' id='word_1_120' title='bbox 231 1165 306 1206; x_wconf 90' lang='lat' dir='ltr'>bus</span> <span class='ocrx_word' id='word_1_121' title='bbox 333 1178 355 1205; x_wconf 89' lang='lat' dir='ltr'>a</span> <span class='ocrx_word' id='word_1_122' title='bbox 389 1165 427 1204; x_wconf 87' lang='lat' dir='ltr'>se</span> <span class='ocrx_word' id='word_1_123' title='bbox 454 1164 620 1204; x_wconf 63' lang='lat' dir='ltr'>subactis</span> <span class='ocrx_word' id='word_1_124' title='bbox 645 1160 959 1211; x_wconf 87' lang='lat' dir='ltr'>conculcatisque</span> <span class='ocrx_word' id='word_1_125' title='bbox 987 1160 1171 1208; x_wconf 82' lang='lat' dir='ltr'>urbibus,</span> <span class='ocrx_word' id='word_1_126' title='bbox 1207 1159 1340 1198; x_wconf 89' lang='lat' dir='ltr'>haberi</span> <span class='ocrx_word' id='word_1_127' title='bbox 1367 1159 1527 1198; x_wconf 81' lang='lat' dir='ltr'>deberet</span> 
     </span>
     <span class='ocr_line' id='line_1_18' title="bbox 230 1223 1528 1275; baseline -0.005 -8"><span class='ocrx_word' id='word_1_128' title='bbox 230 1228 437 1268; x_wconf 88' lang='lat' dir='ltr'>infelicior.</span> <span class='ocrx_word' id='word_1_129' title='bbox 465 1226 705 1268; x_wconf 64' lang='lat' dir='ltr'>Architectus</span> <span class='ocrx_word' id='word_1_130' title='bbox 721 1227 802 1275; x_wconf 88' lang='lat' dir='ltr'>ejus</span> <span class='ocrx_word' id='word_1_131' title='bbox 826 1224 970 1268; x_wconf 82' lang='lat' dir='ltr'>fraudis</span> <span class='ocrx_word' id='word_1_132' title='bbox 986 1223 1153 1264; x_wconf 79' lang='lat' dir='ltr'>Catilina</span> <span class='ocrx_word' id='word_1_133' title='bbox 1183 1231 1262 1261; x_wconf 87' lang='lat' dir='ltr'>erat</span> <span class='ocrx_word' id='word_1_134' title='bbox 1278 1252 1287 1269; x_wconf 85' lang='lat'>,</span> <span class='ocrx_word' id='word_1_135' title='bbox 1313 1223 1422 1271; x_wconf 85' lang='lat' dir='ltr'>cujus</span> <span class='ocrx_word' id='word_1_136' title='bbox 1443 1231 1528 1261; x_wconf 89' lang='lat' dir='ltr'>tum</span> 
     </span>
     <span class='ocr_line' id='line_1_19' title="bbox 228 1280 1526 1339; baseline -0.008 -7"><span class='ocrx_word' id='word_1_137' title='bbox 228 1290 402 1332; x_wconf 84' lang='lat' dir='ltr'>maxime</span> <span class='ocrx_word' id='word_1_138' title='bbox 415 1321 426 1339; x_wconf 91' lang='lat'>,</span> <span class='ocrx_word' id='word_1_139' title='bbox 442 1288 704 1330; x_wconf 88' lang='lat' dir='ltr'>consularibus</span> <span class='ocrx_word' id='word_1_140' title='bbox 728 1286 952 1326; x_wconf 85' lang='lat' dir='ltr'>instantibus</span> <span class='ocrx_word' id='word_1_141' title='bbox 969 1285 1149 1334; x_wconf 87' lang='lat' dir='ltr'>comitiis,</span> <span class='ocrx_word' id='word_1_142' title='bbox 1169 1284 1385 1334; x_wconf 86' lang='lat' dir='ltr'>conjuratio</span> <span class='ocrx_word' id='word_1_143' title='bbox 1400 1280 1526 1322; x_wconf 40' lang='lat' dir='ltr'>erum*-</span> 
     </span>
     <span class='ocr_line' id='line_1_20' title="bbox 229 1347 1529 1406; baseline -0.006 -14"><span class='ocrx_word' id='word_1_144' title='bbox 229 1354 361 1406; x_wconf 87' lang='lat' dir='ltr'>pebat.</span> <span class='ocrx_word' id='word_1_145' title='bbox 389 1353 492 1393; x_wconf 86' lang='lat' dir='ltr'>Nam</span> <span class='ocrx_word' id='word_1_146' title='bbox 515 1350 682 1392; x_wconf 88' lang='lat' dir='ltr'>Catilina</span> <span class='ocrx_word' id='word_1_147' title='bbox 706 1351 815 1389; x_wconf 85' lang='lat' dir='ltr'>omni</span> <span class='ocrx_word' id='word_1_148' title='bbox 837 1348 1087 1388; x_wconf 89' lang='lat' dir='ltr'>contentione</span> <span class='ocrx_word' id='word_1_149' title='bbox 1108 1347 1326 1398; x_wconf 85' lang='lat' dir='ltr'>pugnabat,</span> <span class='ocrx_word' id='word_1_150' title='bbox 1354 1357 1396 1385; x_wconf 92' lang='lat' dir='ltr'>ut</span> <span class='ocrx_word' id='word_1_151' title='bbox 1416 1349 1529 1398; x_wconf 69' lang='lat' dir='ltr'>prius·</span> 
     </span>
     <span class='ocr_line' id='line_1_21' title="bbox 229 1409 1524 1466; baseline -0.007 -10"><span class='ocrx_word' id='word_1_152' title='bbox 229 1415 513 1466; x_wconf 76' lang='lat' dir='ltr'>designaretur,</span> <span class='ocrx_word' id='word_1_153' title='bbox 536 1427 651 1464; x_wconf 77' lang='lat' dir='ltr'>quam</span> <span class='ocrx_word' id='word_1_154' title='bbox 674 1415 805 1452; x_wconf 89' lang='lat' dir='ltr'>venire</span> <span class='ocrx_word' id='word_1_155' title='bbox 832 1413 1037 1463; x_wconf 87' lang='lat' dir='ltr'>Pompejus</span> <span class='ocrx_word' id='word_1_156' title='bbox 1059 1412 1098 1449; x_wconf 89' lang='lat' dir='ltr'>in</span> <span class='ocrx_word' id='word_1_157' title='bbox 1121 1410 1271 1451; x_wconf 78' lang='lat' dir='ltr'>Italiam</span> <span class='ocrx_word' id='word_1_158' title='bbox 1298 1409 1442 1460; x_wconf 74' lang='lat' dir='ltr'>posset,</span> <span class='ocrx_word' id='word_1_159' title='bbox 1459 1421 1524 1447; x_wconf 86' lang='lat' dir='ltr'>cu-</span> 
     </span>
     <span class='ocr_line' id='line_1_22' title="bbox 230 1470 1525 1526; baseline -0.005 -11"><span class='ocrx_word' id='word_1_160' title='bbox 230 1478 294 1526; x_wconf 81' lang='lat' dir='ltr'>jus</span> <span class='ocrx_word' id='word_1_161' title='bbox 329 1476 442 1515; x_wconf 86' lang='lat' dir='ltr'>unius</span> <span class='ocrx_word' id='word_1_162' title='bbox 475 1475 572 1515; x_wconf 85' lang='lat' dir='ltr'>vires</span> <span class='ocrx_word' id='word_1_163' title='bbox 614 1476 878 1524; x_wconf 88' lang='lat' dir='ltr'>virtutemque</span> <span class='ocrx_word' id='word_1_164' title='bbox 917 1473 1085 1512; x_wconf 86' lang='lat' dir='ltr'>maxime</span> <span class='ocrx_word' id='word_1_165' title='bbox 1121 1470 1328 1510; x_wconf 89' lang='lat' dir='ltr'>metuebat.</span> <span class='ocrx_word' id='word_1_166' title='bbox 1372 1470 1525 1510; x_wconf 89' lang='lat' dir='ltr'>Idcirco</span> 
     </span>
     <span class='ocr_line' id='line_1_23' title="bbox 231 1531 1531 1584; baseline -0.003 -8"><span class='ocrx_word' id='word_1_167' title='bbox 231 1541 430 1578; x_wconf 62' lang='lat' dir='ltr'>contracto</span> <span class='ocrx_word' id='word_1_168' title='bbox 458 1537 702 1577; x_wconf 89' lang='lat' dir='ltr'>consciorum</span> <span class='ocrx_word' id='word_1_169' title='bbox 736 1534 930 1584; x_wconf 90' lang='lat' dir='ltr'>concili0‚</span> <span class='ocrx_word' id='word_1_170' title='bbox 960 1546 1051 1573; x_wconf 87' lang='lat' dir='ltr'>curn</span> <span class='ocrx_word' id='word_1_171' title='bbox 1079 1533 1226 1574; x_wconf 88' lang='lat' dir='ltr'>Sullani</span> <span class='ocrx_word' id='word_1_172' title='bbox 1257 1531 1420 1578; x_wconf 88' lang='lat' dir='ltr'>milites,</span> <span class='ocrx_word' id='word_1_173' title='bbox 1459 1531 1531 1582; x_wconf 83' lang='lat' dir='ltr'>spe-</span> 
     </span>
     <span class='ocr_line' id='line_1_24' title="bbox 228 1591 1525 1654; baseline -0.008 -14"><span class='ocrx_word' id='word_1_174' title='bbox 228 1614 340 1640; x_wconf 85' lang='lat' dir='ltr'>novae</span> <span class='ocrx_word' id='word_1_175' title='bbox 360 1600 519 1654; x_wconf 84' lang='lat' dir='ltr'>praedae,</span> <span class='ocrx_word' id='word_1_176' title='bbox 551 1599 639 1649; x_wconf 89' lang='lat' dir='ltr'>quia</span> <span class='ocrx_word' id='word_1_177' title='bbox 664 1605 809 1650; x_wconf 84' lang='lat' dir='ltr'>veteres</span> <span class='ocrx_word' id='word_1_178' title='bbox 834 1596 983 1647; x_wconf 87' lang='lat' dir='ltr'>rapinas</span> <span class='ocrx_word' id='word_1_179' title='bbox 1010 1595 1106 1635; x_wconf 81' lang='lat' dir='ltr'>luxu</span> <span class='ocrx_word' id='word_1_180' title='bbox 1133 1597 1168 1635; x_wconf 84' lang='lat'>&amp;</span> <span class='ocrx_word' id='word_1_181' title='bbox 1192 1593 1424 1633; x_wconf 72' lang='lat' dir='ltr'>libidinibus</span> <span class='ocrx_word' id='word_1_182' title='bbox 1450 1591 1525 1630; x_wconf 85' lang='lat' dir='ltr'>dis-</span> 
     </span>
     <span class='ocr_line' id='line_1_25' title="bbox 228 1654 1524 1715; baseline -0.008 -12"><span class='ocrx_word' id='word_1_183' title='bbox 228 1664 459 1715; x_wconf 79' lang='lat' dir='ltr'>sipaverant,</span> <span class='ocrx_word' id='word_1_184' title='bbox 490 1661 748 1711; x_wconf 87' lang='lat' dir='ltr'>conjurationi</span> <span class='ocrx_word' id='word_1_185' title='bbox 780 1660 953 1699; x_wconf 87' lang='lat' dir='ltr'>faventes</span> <span class='ocrx_word' id='word_1_186' title='bbox 969 1690 981 1708; x_wconf 87' lang='lat'>‚</span> <span class='ocrx_word' id='word_1_187' title='bbox 1011 1659 1047 1698; x_wconf 92' lang='lat' dir='ltr'>ei</span> <span class='ocrx_word' id='word_1_188' title='bbox 1072 1666 1195 1697; x_wconf 88' lang='lat' dir='ltr'>totam</span> <span class='ocrx_word' id='word_1_189' title='bbox 1212 1687 1221 1705; x_wconf 93' lang='lat'>,</span> <span class='ocrx_word' id='word_1_190' title='bbox 1245 1657 1285 1695; x_wconf 91' lang='lat' dir='ltr'>in</span> <span class='ocrx_word' id='word_1_191' title='bbox 1309 1669 1382 1706; x_wconf 88' lang='lat' dir='ltr'>qua</span> <span class='ocrx_word' id='word_1_192' title='bbox 1406 1654 1524 1705; x_wconf 79' lang='lat' dir='ltr'>pluri-</span> 
     </span>
     <span class='ocr_line' id='line_1_26' title="bbox 228 1719 1525 1777; baseline -0.009 -10"><span class='ocrx_word' id='word_1_193' title='bbox 228 1730 372 1767; x_wconf 72' lang='lat' dir='ltr'>timum</span> <span class='ocrx_word' id='word_1_194' title='bbox 396 1733 606 1777; x_wconf 87' lang='lat' dir='ltr'>poterant,</span> <span class='ocrx_word' id='word_1_195' title='bbox 638 1723 860 1764; x_wconf 83' lang='lat' dir='ltr'>Hetruriam</span> <span class='ocrx_word' id='word_1_196' title='bbox 891 1720 1065 1773; x_wconf 89' lang='lat' dir='ltr'>partibus</span> <span class='ocrx_word' id='word_1_197' title='bbox 1102 1719 1320 1770; x_wconf 60' lang='lat' dir='ltr'>adjuncturi</span> <span class='ocrx_word' id='word_1_198' title='bbox 1346 1719 1525 1761; x_wconf 81' lang='lat' dir='ltr'>videren-</span> 
     </span>
     <span class='ocr_line' id='line_1_27' title="bbox 227 1780 1524 1838; baseline -0.009 -8"><span class='ocrx_word' id='word_1_199' title='bbox 227 1799 314 1838; x_wconf 77' lang='lat' dir='ltr'>tur3</span> <span class='ocrx_word' id='word_1_200' title='bbox 346 1788 546 1830; x_wconf 83' lang='lat' dir='ltr'>confilium</span> <span class='ocrx_word' id='word_1_201' title='bbox 568 1795 753 1838; x_wconf 84' lang='lat' dir='ltr'>ceperunt</span> <span class='ocrx_word' id='word_1_202' title='bbox 783 1785 1012 1825; x_wconf 88' lang='lat' dir='ltr'>Ciceronem</span> <span class='ocrx_word' id='word_1_203' title='bbox 1040 1783 1137 1822; x_wconf 89' lang='lat' dir='ltr'>inter</span> <span class='ocrx_word' id='word_1_204' title='bbox 1159 1781 1239 1833; x_wconf 84' lang='lat' dir='ltr'>ipsa</span> <span class='ocrx_word' id='word_1_205' title='bbox 1266 1780 1423 1820; x_wconf 85' lang='lat' dir='ltr'>comitia</span> <span class='ocrx_word' id='word_1_206' title='bbox 1447 1790 1524 1819; x_wconf 87' lang='lat' dir='ltr'>tru-</span> 
     </span>
     <span class='ocr_line' id='line_1_28' title="bbox 228 1843 1313 1896; baseline -0.009 -4"><span class='ocrx_word' id='word_1_207' title='bbox 228 1852 401 1892; x_wconf 85' lang='lat' dir='ltr'>cidandi.</span> <span class='ocrx_word' id='word_1_208' title='bbox 428 1851 504 1891; x_wconf 89' lang='lat' dir='ltr'>hoc</span> <span class='ocrx_word' id='word_1_209' title='bbox 534 1849 737 1896; x_wconf 89' lang='lat' dir='ltr'>submoto,</span> <span class='ocrx_word' id='word_1_210' title='bbox 761 1855 887 1887; x_wconf 89' lang='lat' dir='ltr'>cetera</span> <span class='ocrx_word' id='word_1_211' title='bbox 911 1846 1059 1885; x_wconf 86' lang='lat' dir='ltr'>facilius</span> <span class='ocrx_word' id='word_1_212' title='bbox 1084 1843 1313 1891; x_wconf 31' lang='lat' dir='ltr'>successura.-</span> 
     </span>
    </p>

    <p class='ocr_par' dir='ltr' id='par_1_5' title="bbox 227 1908 1531 2271">
     <span class='ocr_line' id='line_1_29' title="bbox 284 1908 1531 1963; baseline -0.007 -9"><span class='ocrx_word' id='word_1_213' title='bbox 284 1913 460 1954; x_wconf 89' lang='lat' dir='ltr'>LXXIV.</span> <span class='ocrx_word' id='word_1_214' title='bbox 491 1913 585 1955; x_wconf 82' lang='lat' dir='ltr'>Haec</span> <span class='ocrx_word' id='word_1_215' title='bbox 605 1913 730 1963; x_wconf 84' lang='lat' dir='ltr'>primo</span> <span class='ocrx_word' id='word_1_216' title='bbox 755 1923 821 1961; x_wconf 90' lang='lat' dir='ltr'>per</span> <span class='ocrx_word' id='word_1_217' title='bbox 851 1910 1002 1957; x_wconf 84' lang='lat' dir='ltr'>literas,</span> <span class='ocrx_word' id='word_1_218' title='bbox 1030 1910 1221 1948; x_wconf 86' lang='lat' dir='ltr'>incertum</span> <span class='ocrx_word' id='word_1_219' title='bbox 1251 1908 1355 1947; x_wconf 90' lang='lat' dir='ltr'>unde</span> <span class='ocrx_word' id='word_1_220' title='bbox 1387 1908 1494 1946; x_wconf 84' lang='lat' dir='ltr'>datas</span> <span class='ocrx_word' id='word_1_221' title='bbox 1508 1939 1531 1955; x_wconf 38' lang='lat'>,-</span> 
     </span>
     <span class='ocr_line' id='line_1_30' title="bbox 227 1968 1520 2027; baseline -0.007 -12"><span class='ocrx_word' id='word_1_222' title='bbox 227 1975 315 2016; x_wconf 71' lang='lat' dir='ltr'>sunt</span> <span class='ocrx_word' id='word_1_223' title='bbox 340 1975 516 2027; x_wconf 81' lang='lat' dir='ltr'>cognita,</span> <span class='ocrx_word' id='word_1_224' title='bbox 548 1987 631 2025; x_wconf 84' lang='lat' dir='ltr'>quae</span> <span class='ocrx_word' id='word_1_225' title='bbox 656 1983 763 2013; x_wconf 87' lang='lat' dir='ltr'>erant</span> <span class='ocrx_word' id='word_1_226' title='bbox 790 1972 839 2011; x_wconf 88' lang='lat' dir='ltr'>ad</span> <span class='ocrx_word' id='word_1_227' title='bbox 866 1972 925 2012; x_wconf 85' lang='lat' dir='ltr'>M.</span> <span class='ocrx_word' id='word_1_228' title='bbox 955 1970 1124 2011; x_wconf 75' lang='lat' dir='ltr'>Crassum</span> <span class='ocrx_word' id='word_1_229' title='bbox 1152 1968 1321 2019; x_wconf 86' lang='lat' dir='ltr'>aliosque</span> <span class='ocrx_word' id='word_1_230' title='bbox 1347 1971 1428 2019; x_wconf 88' lang='lat' dir='ltr'>pari</span> <span class='ocrx_word' id='word_1_231' title='bbox 1452 1982 1520 2007; x_wconf 85' lang='lat' dir='ltr'>no-</span> 
     </span>
     <span class='ocr_line' id='line_1_31' title="bbox 227 2031 1521 2088; baseline -0.005 -11"><span class='ocrx_word' id='word_1_232' title='bbox 227 2037 378 2078; x_wconf 84' lang='lat' dir='ltr'>bilitate</span> <span class='ocrx_word' id='word_1_233' title='bbox 410 2037 583 2088; x_wconf 85' lang='lat' dir='ltr'>scriptae:</span> <span class='ocrx_word' id='word_1_234' title='bbox 612 2048 704 2086; x_wconf 80' lang='lat' dir='ltr'>quas</span> <span class='ocrx_word' id='word_1_235' title='bbox 729 2036 779 2074; x_wconf 88' lang='lat' dir='ltr'>ad</span> <span class='ocrx_word' id='word_1_236' title='bbox 807 2035 1037 2074; x_wconf 89' lang='lat' dir='ltr'>Ciceronem</span> <span class='ocrx_word' id='word_1_237' title='bbox 1069 2031 1217 2073; x_wconf 78' lang='lat' dir='ltr'>Crassus</span> <span class='ocrx_word' id='word_1_238' title='bbox 1244 2032 1322 2083; x_wconf 89' lang='lat' dir='ltr'>ipse</span> <span class='ocrx_word' id='word_1_239' title='bbox 1343 2044 1430 2071; x_wconf 86' lang='lat' dir='ltr'>cum</span> <span class='ocrx_word' id='word_1_240' title='bbox 1460 2031 1521 2071; x_wconf 68' lang='lat' dir='ltr'>M„</span> 
     </span>
     <span class='ocr_line' id='line_1_32' title="bbox 227 2093 1523 2147; baseline -0.006 -10"><span class='ocrx_word' id='word_1_241' title='bbox 227 2097 417 2141; x_wconf 85' lang='lat' dir='ltr'>Marcello</span> <span class='ocrx_word' id='word_1_242' title='bbox 443 2100 478 2138; x_wconf 72' lang='lat' dir='ltr'>Sc</span> <span class='ocrx_word' id='word_1_243' title='bbox 505 2097 668 2138; x_wconf 88' lang='lat' dir='ltr'>Metello</span> <span class='ocrx_word' id='word_1_244' title='bbox 694 2096 873 2147; x_wconf 90' lang='lat' dir='ltr'>Scipione</span> <span class='ocrx_word' id='word_1_245' title='bbox 901 2094 1055 2134; x_wconf 90' lang='lat' dir='ltr'>detulit.</span> <span class='ocrx_word' id='word_1_246' title='bbox 1096 2093 1160 2134; x_wconf 89' lang='lat' dir='ltr'>Ob</span> <span class='ocrx_word' id='word_1_247' title='bbox 1185 2106 1270 2132; x_wconf 87' lang='lat' dir='ltr'>eam</span> <span class='ocrx_word' id='word_1_248' title='bbox 1294 2106 1373 2131; x_wconf 90' lang='lat' dir='ltr'>rem</span> <span class='ocrx_word' id='word_1_249' title='bbox 1399 2093 1523 2131; x_wconf 86' lang='lat' dir='ltr'>comi-</span> 
     </span>
     <span class='ocr_line' id='line_1_33' title="bbox 229 2154 1520 2209; baseline -0.004 -10"><span class='ocrx_word' id='word_1_250' title='bbox 229 2161 373 2199; x_wconf 86' lang='lat' dir='ltr'>tiorum</span> <span class='ocrx_word' id='word_1_251' title='bbox 395 2159 500 2207; x_wconf 89' lang='lat' dir='ltr'>dies,</span> <span class='ocrx_word' id='word_1_252' title='bbox 531 2172 613 2209; x_wconf 86' lang='lat' dir='ltr'>quae</span> <span class='ocrx_word' id='word_1_253' title='bbox 640 2158 816 2207; x_wconf 86' lang='lat' dir='ltr'>suberat,</span> <span class='ocrx_word' id='word_1_254' title='bbox 838 2166 974 2208; x_wconf 85' lang='lat' dir='ltr'>agente</span> <span class='ocrx_word' id='word_1_255' title='bbox 1006 2156 1193 2197; x_wconf 84' lang='lat' dir='ltr'>Cicerone</span> <span class='ocrx_word' id='word_1_256' title='bbox 1217 2155 1335 2194; x_wconf 84' lang='lat' dir='ltr'>dilata</span> <span class='ocrx_word' id='word_1_257' title='bbox 1361 2154 1438 2201; x_wconf 89' lang='lat' dir='ltr'>est,</span> <span class='ocrx_word' id='word_1_258' title='bbox 1475 2163 1520 2194; x_wconf 80' lang='lat' dir='ltr'>ut</span> 
     </span>
     <span class='ocr_line' id='line_1_34' title="bbox 227 2216 1514 2271; baseline -0.005 -10"><span class='ocrx_word' id='word_1_259' title='bbox 227 2221 277 2262; x_wconf 89' lang='lat' dir='ltr'>de</span> <span class='ocrx_word' id='word_1_260' title='bbox 297 2221 356 2261; x_wconf 85' lang='lat' dir='ltr'>his</span> <span class='ocrx_word' id='word_1_261' title='bbox 376 2220 487 2261; x_wconf 87' lang='lat' dir='ltr'>rebus</span> <span class='ocrx_word' id='word_1_262' title='bbox 505 2219 653 2260; x_wconf 84' lang='lat' dir='ltr'>consuli</span> <span class='ocrx_word' id='word_1_263' title='bbox 677 2220 828 2260; x_wconf 85' lang='lat' dir='ltr'>senatus</span> <span class='ocrx_word' id='word_1_264' title='bbox 854 2217 990 2271; x_wconf 73' lang='lat' dir='ltr'>poiset.</span> <span class='ocrx_word' id='word_1_265' title='bbox 1019 2217 1197 2258; x_wconf 87' lang='lat' dir='ltr'>Postridie</span> <span class='ocrx_word' id='word_1_266' title='bbox 1222 2216 1430 2257; x_wconf 86' lang='lat' dir='ltr'>Catilinam</span> <span class='ocrx_word' id='word_1_267' title='bbox 1455 2216 1514 2256; x_wconf 68' lang='lat' dir='ltr'>in-</span> 
     </span>
    </p>
   </div>
   <div class='ocr_carea' id='block_1_5' title="bbox 226 2329 1563 2494">
    <p class='ocr_par' dir='ltr' id='par_1_6' title="bbox 226 2329 1563 2494">
     <span class='ocr_line' id='line_1_35' title="bbox 275 2329 1563 2402; baseline -0.007 -11"><span class='ocrx_word' id='word_1_268' title='bbox 275 2358 298 2402; x_wconf 83' lang='lat'>§</span> <span class='ocrx_word' id='word_1_269' title='bbox 321 2359 458 2391; x_wconf 79' lang='lat' dir='ltr'><strong>LXXII.</strong></span> <span class='ocrx_word' id='word_1_270' title='bbox 483 2357 619 2400; x_wconf 76' lang='lat' dir='ltr'>Ioseph.</span> <span class='ocrx_word' id='word_1_271' title='bbox 643 2356 683 2390; x_wconf 88' lang='lat' dir='ltr'>dc</span> <span class='ocrx_word' id='word_1_272' title='bbox 699 2358 776 2390; x_wconf 89' lang='lat' dir='ltr'>bell.</span> <span class='ocrx_word' id='word_1_273' title='bbox 802 2355 878 2388; x_wconf 87' lang='lat' dir='ltr'>Jud.</span> <span class='ocrx_word' id='word_1_274' title='bbox 896 2367 908 2387; x_wconf 88' lang='lat'>1</span> <span class='ocrx_word' id='word_1_275' title='bbox 929 2381 938 2397; x_wconf 87' lang='lat'>‚</span> <span class='ocrx_word' id='word_1_276' title='bbox 963 2365 975 2394; x_wconf 87' lang='grc' dir='ltr'><strong><em>ς</em></strong></span> <span class='ocrx_word' id='word_1_277' title='bbox 995 2382 1003 2395; x_wconf 84' lang='grc'>,</span> <span class='ocrx_word' id='word_1_278' title='bbox 1021 2354 1054 2386; x_wconf 72' lang='grc' dir='ltr'>δε</span> <span class='ocrx_word' id='word_1_279' title='bbox 1077 2355 1183 2397; x_wconf 81' lang='lat' dir='ltr'>antiq.</span> <span class='ocrx_word' id='word_1_280' title='bbox 1212 2364 1270 2391; x_wconf 74' lang='lat'>¹4.</span> <span class='ocrx_word' id='word_1_281' title='bbox 1289 2353 1320 2384; x_wconf 79' lang='lat'>8.</span> <span class='ocrx_word' id='word_1_282' title='bbox 1347 2352 1419 2384; x_wconf 87' lang='lat' dir='ltr'>Cic.</span> <span class='ocrx_word' id='word_1_283' title='bbox 1443 2363 1514 2392; x_wconf 71' lang='lat' dir='ltr'>pro,</span> <span class='ocrx_word' id='word_1_284' title='bbox 1553 2329 1563 2338; x_wconf 30' lang='grc' dir='ltr'>ἱ</span> 
     </span>
     <span class='ocr_line' id='line_1_36' title="bbox 226 2397 1507 2444; baseline -0.005 -8"><span class='ocrx_word' id='word_1_285' title='bbox 226 2404 335 2436; x_wconf 75' lang='lat' dir='ltr'>flacc.</span> <span class='ocrx_word' id='word_1_286' title='bbox 355 2416 382 2436; x_wconf 90' lang='lat' dir='ltr'>c.</span> <span class='ocrx_word' id='word_1_287' title='bbox 402 2405 452 2435; x_wconf 59' lang='grc' dir='ltr'>τιὸ.</span> <span class='ocrx_word' id='word_1_288' title='bbox 467 2403 606 2435; x_wconf 82' lang='lat' dir='ltr'>Diodor.</span> <span class='ocrx_word' id='word_1_289' title='bbox 621 2403 644 2434; x_wconf 90' lang='lat' dir='ltr'>l-</span> <span class='ocrx_word' id='word_1_290' title='bbox 656 2412 708 2443; x_wconf 85' lang='lat'>37.</span> <span class='ocrx_word' id='word_1_291' title='bbox 724 2403 866 2444; x_wconf 80' lang='lat' dir='ltr'>Appian.</span> <span class='ocrx_word' id='word_1_292' title='bbox 884 2401 1011 2443; x_wconf 74' lang='lat' dir='ltr'>Syriae.</span> <span class='ocrx_word' id='word_1_293' title='bbox 1028 2401 1156 2441; x_wconf 80' lang='lat' dir='ltr'>Sulpic.</span> <span class='ocrx_word' id='word_1_294' title='bbox 1174 2400 1288 2430; x_wconf 75' lang='lat' dir='ltr'>Sevcr.</span> <span class='ocrx_word' id='word_1_295' title='bbox 1313 2398 1334 2441; x_wconf 82' lang='lat'>§</span> <span class='ocrx_word' id='word_1_296' title='bbox 1350 2397 1507 2432; x_wconf 73' lang='lat' dir='ltr'>Lxxur.</span> 
     </span>
     <span class='ocr_line' id='line_1_37' title="bbox 228 2444 1490 2494; baseline -0.006 -11"><span class='ocrx_word' id='word_1_297' title='bbox 228 2448 367 2493; x_wconf 69' lang='lat' dir='ltr'>Jot&#39;eph.</span> <span class='ocrx_word' id='word_1_298' title='bbox 389 2447 566 2494; x_wconf 81' lang='lat' dir='ltr'>Hegcfipp.</span> <span class='ocrx_word' id='word_1_299' title='bbox 594 2447 685 2484; x_wconf 71' lang='lat' dir='ltr'>Plur.</span> <span class='ocrx_word' id='word_1_300' title='bbox 706 2448 741 2479; x_wconf 81' lang='lat' dir='ltr'>in</span> <span class='ocrx_word' id='word_1_301' title='bbox 766 2447 882 2491; x_wconf 85' lang='lat' dir='ltr'>Pomp.</span> <span class='ocrx_word' id='word_1_302' title='bbox 903 2458 932 2479; x_wconf 89' lang='lat' dir='ltr'>c.</span> <span class='ocrx_word' id='word_1_303' title='bbox 955 2446 1018 2487; x_wconf 70' lang='lat'>6⁶,</span> <span class='ocrx_word' id='word_1_304' title='bbox 1043 2444 1076 2478; x_wconf 66' lang='lat' dir='ltr'>Sc</span> <span class='ocrx_word' id='word_1_305' title='bbox 1104 2446 1141 2477; x_wconf 79' lang='lat' dir='ltr'>&#39;m</span> <span class='ocrx_word' id='word_1_306' title='bbox 1159 2445 1233 2477; x_wconf 65' lang='lat' dir='ltr'>(Lat.</span> <span class='ocrx_word' id='word_1_307' title='bbox 1258 2456 1287 2478; x_wconf 82' lang='lat' dir='ltr'>c.</span> <span class='ocrx_word' id='word_1_308' title='bbox 1310 2453 1360 2484; x_wconf 79' lang='lat'>17.</span> <span class='ocrx_word' id='word_1_309' title='bbox 1377 2444 1490 2481; x_wconf 54' lang='lat' dir='ltr'>Sub.</span> 
     </span>
    </p>
   </div>
  </div>
 </body>
</html>
