1675 2959
300 132 365 183 ’2⁷6
465 136 557 184 JO.
591 133 1084 183 FREINSHEMII
1120 135 1483 184 SUPPLEM;

301 244 434 283 venire
467 243 517 283 ad
555 242 794 293 colloquium
820 241 966 293 placuit
1006 242 1186 293 Danalis‚
1223 244 1329 298 quod
1360 244 1582 284 Galatarum

298 304 560 349 Trocmorum
584 305 778 345 castellum
804 313 899 344 erat.
939 305 1013 345 Res
1045 306 1101 345 ibi
1133 305 1227 347 levis
1254 307 1293 345 in
1329 319 1444 346 omen
1475 305 1583 347 versa

297 368 352 408 est
366 399 379 418 ,
400 368 528 416 exiis,
543 380 626 418 quae
642 369 722 417 jam
744 377 828 407 turn
850 367 995 407 fiebant
1009 398 1021 417 ‚
1035 370 1198 408 minime
1219 369 1365 409 diffie-ili
1387 372 1582 419 conjectu.

296 442 351 470 ra.
384 431 560 470 Laureati
598 429 719 468 fasces
759 429 953 480 utriusque
985 430 1227 480 imperatoris
1263 439 1397 471 erant:
1438 430 1505 471 fied
1537 437 1582 470 ut

295 492 481 534 Lucullus
504 504 551 531 ex
580 492 796 531 amoeniore
824 500 981 531 venerat
1007 492 1188 542 regione,
1216 491 1322 531 illius
1351 501 1431 531 erat
1453 491 1581 531 laurus

292 556 499 596 recentior.
528 553 648 604 Igitur
676 552 828 593 liciores
853 556 959 604 ejus,
981 553 1222 605 Pompeianis
1246 565 1354 604 parte
1378 554 1557 594 concessa
1566 582 1583 602 ,

295 618 487 657 dederunt
522 614 653 654 ansam
683 613 940 665 quibusdam,
973 623 1015 653 ut
1051 615 1271 653 vicloriarum
1304 616 1446 653 Luculli
1475 630 1579 654 orna-

292 691 407 719 menta
437 679 475 715 in
500 676 707 729 Pompejum
737 675 865 727 cefficra
890 675 1074 714 dicerent.
1114 675 1339 726 Congreffus
1372 677 1581 726 imperato-

291 753 379 780 rum
405 752 516 779 come
541 740 577 779 &
599 738 809 788 benignum
837 738 1065 788 principium
1086 736 1248 786 habuit,
1286 737 1582 809 gratulantibus,

293 805 331 843 ἂ
355 816 411 843 res
441 802 487 841 ab
513 810 675 852 utroque
696 800 815 850 gestas
835 799 1002 838 invicem
1030 768 1320 838 extollentibus.

346 864 452 905 XIV
484 863 559 904 Sed
594 863 673 902 cito
702 870 871 901 mutatus
894 862 944 900 ad
977 874 1110 900 verum
1141 861 1262 901 animi
1296 859 1473 900 habitum
1498 860 1580 901 ser-

288 939 379 974 me,
405 924 581 976 gravibus
605 922 769 974 querelis
791 931 907 972 atque
927 924 1044 961 etiam
1069 922 1255 962 conviciis
1274 921 1474 963 inhorruit.
1504 922 1581 963 Lu·

293 987 419 1029 cullus
453 995 533 1026 erat
563 985 682 1026 aetatis
722 987 755 1025 δι’
786 984 1004 1025 consulatus
1040 993 1215 1035 tempore
1241 984 1368 1035 prior:
1401 983 1582 1034 Pompeji

290 1050 422 1102 potior
449 1062 498 1088 ex
525 1048 677 1089 duobus
711 1047 914 1097 triumphis
941 1049 975 1086 δι
1000 1046 1151 1098 imperii
1177 1046 1429 1097 amplitudine
1448 1048 1582 1085 aufto-

290 1112 393 1151 ritas.
435 1112 572 1162 Neque
597 1111 755 1156 deerat,
784 1109 889 1160 quod
916 1108 1161 1157 objiceretur.
1201 1109 1382 1150 Lucullus
1413 1109 1580 1149 avaritiae

289 1175 452 1216 nornine
479 1172 580 1213 male
604 1171 809 1220 audiebat,
835 1174 871 1211 ὃς
892 1202 903 1219 ,
929 1187 1003 1211 cum
1027 1185 1168 1224 patrare
1195 1173 1320 1211 bellum
1347 1172 1483 1225 poffic‚
1511 1186 1582 1224 quo

288 1237 425 1276 diutius
452 1233 720 1287 opzcktztfflmas
746 1233 957 1286 provincias
983 1234 1148 1273 obtineret
1163 1264 1174 1280 ,
1210 1234 1356 1285 Tigrani
1380 1236 1582 1273 Mithrida·

287 1299 383 1351 tique
404 1296 580 1351 praebuzffe
602 1295 762 1348 effizgium
793 1294 1087 1334 existimabatur.
1116 1295 1210 1334 Haec
1234 1295 1447 1344 exagitanti
1466 1295 1577 1335 Pom-

285 1361 403 1411 pejo,
425 1358 605 1400 Lucullus
620 1358 802 1407 infinitam
821 1358 953 1410 imperii
970 1357 1193 1409 cupiditatem
1214 1356 1495 1407 exprobrabat:
1517 1360 1581 1397 de.

289 1425 520 1475 bellatumque
545 1421 606 1474 effe
637 1421 768 1460 dicens
796 1435 870 1458 cum
898 1421 1059 1472 regibus,
1100 1434 1208 1472 neque
1234 1434 1327 1457 nova
1354 1420 1578 1473 expeditione

288 1501 404 1540 opus,
421 1485 617 1537 postracre
640 1485 810 1535 jurgium
837 1483 903 1523 vix
930 1483 977 1522 ab
1004 1483 1136 1522 amicis
1169 1482 1321 1521 diremti
1344 1482 1442 1524 sunt.

345 1547 429 1587 XV.
452 1546 602 1586 Exinde
625 1544 829 1592 Lucullus,
852 1545 891 1584 in
909 1544 1056 1584 Galatia
1082 1544 1271 1592 resistens,
1290 1552 1422 1594 captos
1444 1556 1489 1582 ex
1505 1541 1576 1582 ho..

288 1607 406 1648 :stibus
432 1620 544 1658 agros
567 1606 748 1647 arbitratu
767 1606 834 1646 suo
861 1605 1133 1646 distribuebat:
1158 1605 1332 1655 interque
1359 1604 1489 1644 nobile
1512 1617 1576 1645 ca-

287 1670 439 1710 stellum
458 1667 637 1716 Tomisa,
667 1669 772 1718 quod
796 1659 989 1718 Sophenae'
1012 1667 1117 1718 regi,
1148 1669 1260 1715 cujus
1282 1679 1402 1716 regno
1424 1666 1577 1714 adjace-

286 1731 384 1780 bat,
424 1740 579 1771 eentum
607 1731 757 1771 talentis
787 1730 911 1769 fuerat
938 1739 1112 1778 emtum,
1147 1728 1395 1769 Ariobarzani
1423 1728 1575 1766 restitu-

288 1803 374 1836 tum
404 1796 475 1835 est:
509 1804 644 1835 contra
677 1795 880 1843 pompejus
904 1793 1117 1847 judiciorum
1152 1793 1227 1845 ejus
1256 1792 1374 1830 haben·
1407 1791 1580 1829 rationem

285 1857 467 1903 vetabat,
491 1856 736 1906 nudabatque
755 1854 864 1893 illum
890 1854 1034 1903 copiis,
1059 1853 1164 1892 mille
1187 1862 1336 1892 tantum
1360 1853 1395 1891 ἃ
1415 1850 1573 1890 sexcen-

287 1920 336 1960 tis
359 1920 407 1958 ad
429 1917 669 1969 triumphum
695 1917 830 1956 relicus
861 1915 1073 1964 militibus,
1105 1928 1200 1966 quos
1229 1928 1277 1954 ex
1304 1915 1411 1953 omni
1437 1925 1573 1952 nume-

287 1995 329 2021 ro
357 1979 605 2020 ferociffimos
624 2011 634 2027 ,
661 1978 900 2029 Luculloque
927 1978 1190 2018 infenfiffimos
1217 1976 1290 2016 effe
1320 1986 1574 2027 compererat.

289 2044 426 2093 Neque
461 2042 517 2082 his
548 2050 776 2089 contentus,
808 2052 969 2090 operum
1007 2041 1088 2088 ejus
1122 2037 1410 2078 aestimationem
1448 2035 1579 2076 verbis.

289 2105 514 2152 obterebat,
532 2119 606 2143 cum
641 2105 761 2142 umbra
792 2117 906 2155 regum
931 2103 967 2141 δ’
992 2101 1124 2154 tragico
1150 2101 1297 2152 quodam
1321 2110 1494 2151 apparatu
1517 2098 1576 2134 di.

286 2167 421 2219 micnjffi’
442 2166 627 2205 Lucullum
644 2166 846 2205 diditans:
872 2178 964 2201 nunc
988 2178 1103 2202 verum
1131 2162 1253 2214 instare
1275 2172 1461 2205 certamen,
1479 2159 1571 2210 post-

287 2244 392 2283 quam
421 2229 499 2279 illi,
516 2228 640 2279 omtffis
665 2228 832 2281 ineptiis,
855 2228 904 2266 ad
928 2240 1024 2266 arma
1053 2226 1266 2276 virorumque
1295 2223 1397 2262 robur
1416 2223 1457 2274 se
1479 2234 1572 2260 con-

285 2292 355 2331 tuli
384 2304 451 2331 ent.

336 2417 360 2461 8
381 2417 473 2450 Xlu.
503 2418 540 2451 St
543 2421 609 2450 rab
636 2419 657 2450 l.
683 2427 736 2450 ιο.
759 2416 848 2449 Plur-
875 2417 909 2448 in
938 2414 1005 2446 Luc
1010 2416 1067 2447 uLl.
1105 2414 1127 2457 §
1154 2412 1245 2445 XLV.
1275 2411 1362 2443 Plut.
1386 2410 1419 2441 in
1444 2408 1570 2451 Pomp

288 2453 414 2507 ,Vellei
435 2472 477 2506 2,
500 2472 553 2507 33
574 2463 613 2495 D
609 2463 715 2496 odor.
739 2462 833 2506 135.
855 2460 970 2504 §XV.
986 2459 1129 2494 Diodor.
1152 2459 1175 2491 1.
1195 2467 1250 2502 37.
1274 2456 1362 2490 Plut.
1381 2456 1415 2488 in
1433 2454 1567 2490 Lucu-11⁴
