1675 2959
267 146 348 193 IN
386 144 560 192 LOC.
604 138 864 191 MRCX
914 143 1064 190 LIV.
1175 153 1324 210 ’349‘

43 252 104 304 gis
133 251 287 303 copias:
319 261 400 290 tum
434 250 473 288 in
508 250 623 289 castra
653 248 828 290 Cornelia
858 248 896 288 se
927 249 1099 299 recepit,
1132 248 1199 287 ubi
1230 257 1316 288 tuto

46 313 192 355 bellum
217 315 373 352 duceret
388 341 399 360 ,
425 313 550 351 donec
573 323 621 350 ex
641 311 767 351 Sicilia
788 312 870 350 duae
890 309 970 349 aliae
995 310 1188 361 legiones,
1207 312 1242 349 &
1265 323 1321 349 re-

43 373 167 428 liquus
198 376 386 424 equitatus
419 372 682 412 adveheretur.
719 373 793 413 Sed
818 374 856 411 in
882 374 1029 423 optimo
1057 371 1211 411 consilio
1240 384 1323 421 per-

41 449 198 475 manere
228 435 376 474 licitum
403 435 437 473 ei
462 447 540 473 non
565 434 638 472 suit
668 446 735 483 per
758 433 991 473 Uticenfium
1021 432 1232 483 quosdam,
1259 433 1327 482 qui

43 498 85 537 in
112 499 226 537 castra
249 501 329 546 ejus
358 497 616 548 perfugerant.
654 496 684 535 Ii
700 526 710 542 ‚
738 507 930 534 revocatum
954 496 1213 547 Leptitanorum
1232 493 1324 532 bello

41 573 151 612 regem
173 559 345 612 disceſjiffi
365 574 440 599 cum
461 559 617 596 maxima
641 558 815 609 copiarum
834 569 960 609 parte,
985 555 1234 595 nuntiabant:
1257 556 1328 592 Sa·-

42 621 130 659 bura
154 623 238 659 duce
260 622 427 659 modicam
449 633 589 659 manum
610 631 742 671 pergere
774 618 939 665 Uticam,
955 616 1100 669 jamque
1124 616 1220 655 haud
1239 629 1327 669 pro-

22 681 104 721 'cul
126 683 252 734 oppido
278 682 414 733 distare.

100 743 236 783 LXIV.
264 742 340 782 Sed
371 754 414 780 ea
440 740 542 779 fraus
568 740 795 780 Maurorum
821 745 927 778 erat:
958 736 1238 788 praemill'usque
1261 736 1324 776 Sae.

45 803 140 844 bura
171 817 362 843 rumorem
395 816 481 841 eum
515 800 705 852 sparserat.
736 808 907 838 ceterum
936 812 1002 838 rex
1026 811 1115 837 cum
1141 798 1323 837 omnibus

45 867 167 916 copiis
194 866 428 916 sequebatur.
457 868 504 904 At
531 864 672 910 Curio,
691 862 884 912 praemiffis
912 863 1033 912 prima
1060 863 1172 901 noCte
1190 863 1324 911 equiti-

44 927 144 976 bus,
169 938 299 978 quarta
328 927 456 977 vigilia
483 939 573 964 cum
602 925 815 975 legionibus
839 925 888 963 ad
915 924 1029 963 castra
1059 924 1209 964 Saburae
1233 936 1326 962 con-

44 991 182 1029 tendit.
219 990 318 1029 Huic
351 989 496 1038 equites
522 996 749 1033 occurrunt,
781 1001 847 1024 rem
872 1001 895 1023 a
911 986 950 1037 se
976 986 1058 1023 hene
1079 986 1203 1037 gestam
1231 998 1326 1024 nun-

45 1054 155 1093 tiant.
182 1052 372 1102 cupiditas
397 1051 562 1089 hominis'
586 1051 707 1100 magis
735 1050 1004 1088 inflammatur.
1039 1048 1171 1097 quaerit
1195 1060 1243 1086 ei<
1269 1060 1329 1086 ca-

43 1114 184 1164 ptivis,
211 1114 289 1165 quis
317 1113 437 1165 castris
465 1114 514 1150 ad
535 1112 741 1162 Bagradam
763 1112 907 1162 praefit?
938 1108 1186 1158 respondent,
1213 1109 1330 1146 Saba..

43 1189 128 1213 ram.
157 1173 226 1213 Ille
248 1173 371 1211 studio
391 1171 623 1210 conficiendi
649 1171 792 1210 itineris
817 1171 949 1220 quaerit
975 1169 1073 1208 ultra
1095 1170 1215 1217 nihil,
1234 1183 1330 1208 con-

45 1237 244 1287 versusque
276 1238 324 1275 ad
353 1236 463 1284 suos,
499 1237 654 1283 videtis,
691 1237 842 1286 inquit,
878 1232 996 1272 eadem
1025 1231 1144 1269 omnia
1177 1231 1212 1268 6·
1239 1237 1339 1280 lios*

46 1298 83 1336 ὃ·
100 1297 266 1350 perfugas
293 1299 478 1350 Uticenses
495 1298 614 1337 dicere.
642 1299 798 1338 Summa
823 1293 963 1333 deinde
985 1292 1227 1330 festinatione
1244 1304 1329 1341 pro-

46 1363 152 1401 cedit
172 1363 221 1400 ad
254 1360 411 1399 hostem.
447 1358 495 1395 At
518 1358 581 1396 ille
611 1359 848 1395 stimulatione
877 1355 1024 1393 timoris
1054 1353 1237 1404 paulatim
1269 1365 1332 1391 ce·

46 1418 127 1466 dit,
148 1416 435 1466 juvenilemque
455 1416 625 1453 animum
650 1416 769 1466 magis
797 1413 989 1465 magisque
1005 1426 1109 1452 vanae
1125 1412 1330 1452 alacritatie

46 1479 194 1530 implet.
236 1480 297 1519 Sic
328 1479 367 1516 in
400 1486 572 1528 patentes
597 1489 754 1526 campos
784 1478 1017 1526 monachis,
1048 1476 1218 1525 equitatu
1245 1477 1331 1514 Nu-

45 1544 191 1583 midico
216 1543 521 1580 circumvenitur.
548 1540 642 1580 Feffi
673 1549 781 1579 erant
807 1540 968 1579 Romani
993 1536 1330 1588 equitesvpedites-

47 1618 122 1654 que
151 1605 295 1642 itineris
326 1603 609 1652 longinquitate
624 1632 636 1649 ‚
657 1602 824 1641 sedecim
853 1599 1023 1640 millibus
1043 1599 1216 1650 paffuum
1240 1611 1331 1637 con-

45 1666 182 1713 fecti83
218 1666 364 1716 equites
391 1665 504 1703 etiam
533 1663 734 1714 superioris
767 1665 890 1702 noetis
914 1661 1061 1712 proelio.
1096 1662 1208 1711 igitur
1239 1673 1329 1700 cum

48 1740 177 1778 neque
208 1728 353 1766 timidis
387 1726 435 1764 ad
462 1725 618 1775 fugam,
645 1737 768 1774 neque
799 1724 964 1763 fortibus
999 1723 1046 1761 ad
1076 1722 1330 1772 pugnandum

49 1790 148 1827 vires
176 1787 430 1838 superessent,
459 1787 660 1825 occidione
692 1794 794 1823 totus
824 1785 1013 1823 exercitus
1041 1784 1206 1822 caeditur.
1242 1782 1331 1832 Ipse

47 1851 188 1898 Curio,
223 1864 310 1889 cum
338 1851 407 1890 Cn.
431 1849 621 1889 Domitius
652 1847 848 1898 praefec‘tus
881 1848 1052 1897 equitum
1090 1846 1330 1894 hortaretur,

46 1926 86 1952 m
99 1913 194 1965 fitga
221 1913 372 1966 fizlutem
401 1924 551 1965 peteret:
581 1925 757 1963 nunquam
781 1911 820 1961 se
846 1923 1023 1947 venturum
1048 1911 1143 1947 dixit
1175 1910 1212 1946 in
1246 1922 1330 1946 con-

36 1979 187 2030 speblum
201 1976 366 2029 Caesaris,
390 1973 531 2025 amiffb,
557 1987 651 2025 quem
665 1973 738 2023 fitae
754 1973 843 2022 fidei
861 1972 1246 2024 credidfft‚exercitu.
1274 1980 1329 2011 ab·

47 2050 122 2088 que
146 2037 222 2083 ita,
248 2045 290 2075 ut
325 2049 381 2075 res
408 2036 624 2074 temeritate
649 2035 713 2074 sua
738 2036 904 2085 perditas
929 2042 1054 2073 morte
1085 2033 1326 2084 sequeretur,

45 2099 227 2151 proelians
252 2099 472 2137 interfectus
497 2099 559 2137 est.

104 2161 220 2201 LXV.
248 2162 318 2201 His
348 2161 459 2200 rebus
485 2161 647 2206 auditis,
665 2171 807 2206 naves,
833 2172 921 2209 quae
939 2158 988 2197 ad
1010 2157 1127 2196 castra
1148 2155 1327 2196 Cornelia

47 2223 214 2268 stabant,
237 2235 324 2261 cum
343 2224 474 2272 paucis
491 2222 698 2269 militibus,
713 2221 776 2270 qui
795 2222 843 2259 ad
865 2221 1024 2271 primam
1049 2220 1099 2258 rei
1115 2219 1257 2258 famam
1279 2232 1327 2257 eo

49 2286 317 2331 decurrerant,
351 2285 391 2322 in
421 2285 590 2325 Siciliam
617 2285 787 2322 celeriter
823 2283 859 2322 se
897 2290 1131 2332 receperunt.
1176 2280 1330 2329 Reliqui

51 2352 172 2401 (nam
210 2347 376 2396 quinque
405 2347 582 2386 cohortes
612 2345 782 2396 praesxdio
819 2343 955 2383 relictae
989 2343 1116 2382 castris
1147 2342 1332 2391 fuerant>

98 2450 123 2495 5
149 2450 269 2485 LXIII.
289 2450 371 2486 Dio.
396 2450 479 2490 Caes,
503 2451 524 2497 §
549 2451 670 2487 LXIV.
698 2451 815 2486 Front.
837 2452 942 2486 Strat.
967 2461 1006 2493 2,
1033 2459 1063 2491 5.
1088 2449 1235 2493 Appiam
