1675 2959
287 170 590 222 INLOC.
630 169 764 217 LlB.
796 168 903 214 CIX
945 168 1082 213 LIV.
1247 178 1337 229 313

65 283 202 334 pulum
216 282 434 322 Romanum
448 310 458 325 ‚
474 289 684 328 paucorum
699 276 866 315 factione
882 271 1096 324 oppressum
1107 302 1118 319 ‚
1133 272 1173 310 in
1187 271 1343 310 liberta-

65 355 145 384 tem
161 344 390 387 restitueret,
413 353 515 378 arma
539 336 905 389 cepisseinterfatur.
930 335 1031 384 Ergo
1043 331 1246 379 Lentulus,
1262 334 1345 380 jam

66 404 219 443 securus
244 405 292 442 de
315 402 433 441 salute
458 401 546 446 sua,
568 400 688 450 petit,
715 407 758 437 ut
782 398 821 436 in
839 396 1031 447 oppidum
1052 393 1186 433 reverti
1202 393 1344 438 liceat,

67 479 146 516 quo
161 479 208 505 ex
223 465 287 504 sua
302 464 567 503 incolumitate
582 461 695 500 ceteri
708 461 756 499 ad
770 459 875 509 spem
893 464 1130 496 revocentur.
1152 453 1225 493 effe
1237 452 1353 493 eninr

68 527 302 573 nonnullos,
335 528 399 575 qui
444 527 491 564 de
523 532 646 562 morte
682 521 949 561 consciscenda
980 518 1199 558 deliberent.
1246 517 1349 556 Sane

67 588 283 635 Domitius,
306 588 455 627 Caesaris
475 588 566 624 iram
592 593 791 629 metuens,
817 583 878 621 cui
898 582 1045 631 semper
1070 581 1194 620 fuerat
1216 579 1348 619 adver-

66 649 192 699 satUS,
219 665 240 690 a
268 650 418 689 medico
441 649 654 696 eodemque
680 645 783 684 servo
807 644 871 683 suo
895 657 1085 682 venenum
1107 639 1346 692 poposcerat.

68 712 144 751 Sed
167 712 291 758 idern,
313 710 467 748 lenitate
489 708 642 757 cognita
666 705 839 751 victoris,
865 704 1064 753 deplorare
1080 701 1350 740 conditionem

68 774 176 812 suam
212 774 354 823 coepit,
391 772 495 824 quod
522 784 635 821 quam
658 769 854 808 relitsturus
882 766 1008 806 fuisset
1037 766 1242 812 inimicus,
1278 762 1350 802 fibi

69 836 138 888 ipsi
171 837 286 876 vitam
317 835 434 875 homo
471 833 692 874 temerarius
730 830 934 880 stultusque
972 827 1208 879 praecidiffet.

125 898 262 937 LXVI.
289 897 345 936 Ibi
379 896 571 942 medicus,
595 894 660 943 qui
688 891 920 931 adolescenti
947 890 1123 929 Domitio
1147 901 1228 926 rem
1257 899 1350 936 ape-

70 970 199 998 ruerat
215 989 227 1007 ,
268 958 380 1008 seque
419 956 571 1006 jusserat
599 954 794 999 asservari,
838 953 964 992 donec
1004 958 1160 990 eventus
1194 946 1352 987 docuis-

68 1019 147 1067 set,
169 1028 348 1058 utrumne
368 1031 559 1057 venenum
578 1017 709 1055 datum
731 1016 829 1065 patri
853 1014 976 1061 foret,
997 1011 1271 1051 tantummodo
1296 1009 1355 1049 sc·-

70 1081 278 1130 poriferam
314 1080 512 1130 potionem
538 1078 575 1117 se
603 1077 745 1117 dediffe
772 1076 965 1114 indicavit.
995 1075 1079 1114 Hac
1106 1086 1144 1112 re
1167 1071 1354 1110 exhilara-

70 1150 132 1180 tus
164 1144 318 1192 (neque
346 1141 447 1180 enim
476 1140 629 1179 Lucano
663 1138 897 1177 credendum
920 1137 996 1183 est,
1024 1136 1064 1173 in
1090 1133 1249 1184 gratiam
1277 1132 1355 1171 Ne-

69 1205 197 1251 ronis,
222 1205 331 1252 cujus
356 1203 420 1241 hic
443 1202 635 1242 Domitius
659 1201 802 1240 abavus
824 1201 921 1248 fuit,
949 1198 1079 1238 omnia
1107 1196 1180 1234 alia
1208 1195 1355 1244 fingen-

67 1267 118 1314 ti)
144 1266 362 1305 manumisit
383 1265 600 1304 medicum:
631 1273 746 1314 atque
769 1264 844 1309 ita,
871 1262 1069 1312 postquam
1097 1257 1244 1304 illuxit,
1261 1268 1353 1296 cum

73 1328 210 1367 ceteris
242 1329 291 1367 ad
322 1328 505 1367 Caesarem
538 1326 726 1365 deductus
753 1325 815 1364 est.
852 1334 958 1362 erant
992 1321 1169 1361 senatorii
1207 1318 1355 1358 ordinis

71 1389 266 1430 Domitius
295 1392 330 1429 δε
363 1388 573 1435 Lentulus,
600 1386 796 1426 consulatu
824 1386 976 1424 funesti:
1012 1393 1191 1434 praeterea
1220 1381 1260 1420 L.
1289 1381 1356 1419 vi-

72 1451 215 1491 bullius
241 1451 382 1499 Rufus,
407 1452 497 1490 Sex.
521 1449 733 1499 Quintilius
757 1449 875 1487 Varus
896 1447 1077 1497 quaestor,
1101 1445 1145 1485 L.
1160 1443 1353 1483 Rubrius:

71 1522 253 1564 praeterea
273 1512 382 1552 multi
405 1511 665 1550 adolescentes
690 1509 860 1556 nobiles,
886 1509 1134 1558 equitumque
1160 1506 1358 1544 Romano-

72 1587 186 1622 rum,
214 1578 250 1614 δε
282 1575 560 1621 decurionum,
587 1586 681 1624 quos
711 1572 902 1613 Domitius
937 1583 988 1609 ex
1015 1567 1234 1618 municipiis
1268 1579 1358 1606 evo-

73 1644 249 1682 caverat,
279 1648 460 1685 magnum
488 1637 640 1685 agmen.

130 1706 286 1746 LXVII.
317 1706 371 1745 Hi
392 1719 414 1744 a
439 1704 582 1744 Caesare
609 1703 813 1754 increpiti,
836 1702 940 1752 quod
966 1700 1188 1749 neutiquam
1217 1709 1357 1736 conve-

75 1767 247 1806 nientem
274 1767 415 1805 meritis
437 1766 512 1806 suis
539 1766 698 1816 gratiam
726 1763 960 1808 retulissent,
982 1760 1194 1799 incolumes
1219 1770 1356 1796 omnes

50 1828 51 1831 ’
76 1829 351 1876 dimittuntur,
373 1827 486 1878 seque
506 1828 554 1867 ad
578 1828 802 1877 Pompejum
825 1824 1023 1874 recipiunt.
1057 1824 1197 1861 Aurum
1220 1822 1353 1865 etiam,

74 1891 180 1940 quod
217 1890 343 1929 secum
373 1889 583 1929 Corfinium
612 1889 877 1938 deportaverat
901 1885 1119 1931 Domitius,
1143 1882 1353 1922 sestertium

74 1950 242 2000 sexagies
259 1980 271 1997 ‚
294 1963 527 2001 quamquam
554 1951 718 2000 pecunia
749 1947 905 1999 publica
929 1946 1002 1985 effe
1031 1947 1241 1991 diceretur,
1266 1943 1355 1982 Do-

78 2014 191 2052 mitio
216 2013 429 2057 redditum3
449 2013 534 2062 quia
549 2011 669 2051 Caesa-2·
688 2023 766 2049 non
788 2010 916 2048 minus
931 2007 1154 2058 fugiendam
1180 2005 1248 2044 fibi
1273 2006 1357 2044 ino-

76 2075 173 2127 piae,
197 2087 312 2125 quam
350 2074 587 2113 crudelitatis
620 2073 765 2112 famam
793 2070 1003 2120 judicabat,
1046 2070 1102 2109 Ita
1131 2067 1276 2116 Caesar,
1301 2066 1356 2105 se=⁴

78 2149 184 2190 ptem
209 2138 368 2177 omnino
402 2138 482 2177 dies
507 2136 555 2175 ad
577 2134 790 2176 Corfinium
812 2140 1095 2179 commoratus,
1120 2129 1356 2170 Domitianas

78 2199 258 2239 cohortes
276 2200 448 2249 protinus
465 2199 506 2237 in
519 2197 688 2238 Siciliam
712 2194 845 2236 mittit.
873 2193 1011 2244 Ipsein,
1023 2190 1199 2242 Apuliam
1217 2191 1358 2232 ducere

78 2263 247 2303 instituit.
289 2263 360 2302 His
391 2262 504 2301 rebus
539 2261 702 2309 auditis,
726 2251 857 2309 Scipio
883 2256 1081 2297 Luceriam
1107 2254 1255 2302 omifit‚
1285 2254 1358 2292 mie

125 2389 148 2432 ἓ
177 2387 278 2420 LXV.
306 2389 378 2422 Cic.
407 2389 447 2420 ad
468 2389 571 2422 Attic.
595 2399 640 2429 9,
662 2399 695 2427 4.
720 2385 805 2418 Caes.
838 2385 859 2429 §
886 2383 1005 2416 LXVI.
1035 2381 1107 2413 Cic.
1127 2381 1168 2414 ad.
1190 2380 1354 2423 Anima,

86 2448 120 2475 2.
152 2438 236 2477 (Ξῑῖ,
259 2439 383 2475 Lucan.
411 2439 499 2475 Piut.
525 2441 560 2473 in
583 2440 701 2483 Pomp-
720 2451 750 2472 ς,
775 2448 806 2483 3.
830 2436 974 2470 Diodor-
995 2436 1020 2469 1,
1040 2435 1098 2474 48.
1157 2441 1162 2447 ⁸
