1675 2959
315 147 392 193 IN
437 144 603 210 noc.
650 144 778 191 LIB.
824 145 911 191 CX
953 141 1101 192 LIV.
1274 155 1368 209 333·

85 250 171 288 lium
196 264 388 304 capturum.
426 252 467 290 in
505 249 587 290 haec
619 249 733 289 verba
772 251 875 299 jurat
911 249 991 300 ipse
1023 250 1144 300 prior:
1183 251 1305 300 adigit
1331 253 1370 291 Sc

85 309 284 350 Afranium
304 312 343 349 in
360 311 516 359 eadem3
544 310 686 350 tribuni
715 309 1058 360 centurionesque,
1082 310 1223 349 deinde
1247 311 1367 351 mani-

83 370 167 420 puli
187 371 404 422 sequuntur.

140 433 293 473 XXIX.
323 433 496 482 Juliani‚
528 433 594 484 qui
626 432 755 473 adhuc
789 433 829 471 in
861 432 987 472 castris
1023 432 1167 480 essent,
1200 433 1368 483 produci

83 491 278 540 Jubentur.
302 496 366 544 qui
388 495 566 545 producti
589 493 700 540 sunt,
722 492 1003 531 interficiuntur
1020 492 1059 531 in
1077 493 1267 543 praetorio.
1286 492 1368 543 ple-

81 553 218 603 rosque
252 563 380 593 tamen
418 555 471 603 ii,
501 555 566 605 qui
604 561 848 603 receperant,
883 552 1034 602 celant‚·
1074 555 1266 604 motuque
1298 560 1366 603 per

80 613 225 653 vallum
252 616 442 654 emittunt.
479 615 599 655 Caesar
635 622 765 653 tamen
800 612 1000 652 admiffam
1029 615 1069 652 in
1092 613 1130 652 se
1162 614 1362 664 perfidiam

79 687 161 714 non
185 676 355 715 sustinuit
383 677 550 723 imitari⁷
580 675 753 725 quamvis
787 674 930 713 multos
963 674 1052 714 sane
1080 674 1234 714 suorum
1267 677 1365 714 ami-

77 736 192 778 serat:
235 737 299 777 sed
324 737 577 788 conquisitos,
614 737 676 787 qui
711 737 1035 787 Pompejanorum
1068 737 1207 776 suain
1244 737 1361 776 castra

77 809 282 848 venerant,
304 801 445 839 remisit
470 812 627 848 omnes,
655 800 826 848 exceptis
852 798 998 848 aliquot
1031 798 1192 838 tribunis
1215 800 1250 838 δε
1272 811 1359 838 cen-

75 860 310 908 turionibus,
342 863 406 911 qui
437 861 572 912 sponte
597 861 702 911 apud
733 873 821 900 eum
849 861 1120 902 remanserunt.
1155 862 1359 901 Renovato

74 920 201 970 bello,
227 922 424 961 Afraniani
459 922 589 972 pabuli
617 925 652 961 &
682 935 864 972 aquarum
897 923 1027 972 inopia
1048 922 1358 972 premebantur:

72 981 260 1020 frumenti
285 981 512 1021 nonnullam
538 983 691 1033 copiam
714 970 1060 1032 habebantsquod
1084 983 1130 1022 ab
1154 982 1277 1023 Ilerda
1303 985 1359 1023 ci-

74 1043 182 1083 baria
217 1045 366 1083 dierum
400 1044 608 1083 duodecim
636 1045 861 1084 extulerant.
901 1045 977 1084 Sed
1003 1044 1226 1093 auxiliares,
1252 1046 1357 1095 quod

71 1105 185 1143 unius
211 1105 286 1143 diei
311 1105 348 1143 se
372 1105 471 1144 inire
494 1106 564 1144 iter
587 1106 798 1156 putabant,
824 1119 948 1156 neque
976 1106 1025 1144 ad
1051 1106 1237 1155 portanda
1264 1119 1355 1145 one-

68 1178 110 1204 ra
133 1177 241 1207 erant
268 1167 487 1217 assuefac'ti,
506 1169 609 1208 farne
634 1158 922 1208 infestabantur.
959 1167 1108 1207 Idcirco
1139 1180 1187 1206 ex
1216 1181 1261 1205 eo
1289 1181 1357 1218 ge-

68 1241 160 1267 nere
186 1230 316 1269 crebra
337 1231 386 1269 ad
401 1231 583 1270 Caesarem
608 1230 816 1280 transfugia
840 1230 996 1269 fiebant.
1020 1229 1066 1269 In
1088 1228 1146 1268 his
1170 1230 1351 1280 angustiis

66 1288 166 1327 nihil
185 1300 263 1329 erat
278 1291 519 1340 Pompejanis
543 1291 707 1329 ducibus
732 1290 943 1340 reliquum,
971 1303 1086 1340 quam
1116 1298 1158 1329 ut
1179 1290 1238 1329 vel
1260 1290 1349 1329 llerm

68 1351 160 1389 dam
183 1360 474 1400 reverterentur,
494 1351 554 1390 vel
566 1351 824 1391 Tarraconem
847 1360 1056 1401 pergerent.
1081 1351 1245 1391 Tarraco
1266 1351 1348 1390 lon-

64 1413 152 1462 gius
184 1413 334 1462 aberat3
371 1415 408 1453 δε
443 1411 577 1452 Ilerdae
604 1413 780 1451 nonnihil
817 1413 997 1452 frumenti
1026 1423 1115 1453 erat.
1140 1414 1342 1453 relifftuxn:

63 1475 180 1526 igitur
205 1476 280 1515 hoc
301 1476 464 1528 probato
485 1475 666 1523 confilio‚
692 1476 972 1525 profesionem
998 1477 1208 1516 instituunt.

80 1580 84 1585 ,
119 1539 256 1579 XXX.
289 1537 409 1578 Caesar
434 1550 524 1577 cum
559 1536 773 1588 legionibus
799 1537 990 1588 sequitur3
1020 1541 1191 1589 equitatu
1223 1541 1344 1592 carpit

63 1598 299 1638 novissimos.
336 1598 510 1638 adhunc
540 1597 805 1648 repellendum
827 1598 924 1649 saepe
955 1598 992 1637 se
1019 1610 1247 1639 convertunt
1275 1600 1345 1640 ho-

62 1660 164 1702 stes:
198 1661 251 1700 ita
282 1660 390 1700 fimul
418 1661 632 1709 inceditur3
657 1660 764 1700 fimul
794 1661 870 1699 line
897 1661 1172 1700 intermissione
1197 1677 1343 1714 pugna-

61 1726 137 1760 tur.
165 1721 263 1760 Cum
288 1734 383 1772 aegre
401 1721 450 1760 ad
476 1720 595 1760 millia
620 1729 784 1771 quatuor
802 1720 986 1760 confectae
1008 1721 1076 1761 viae
1098 1721 1210 1770 effet,
1232 1737 1342 1763 mon-

60 1788 141 1820 tem
167 1781 361 1822 excelsum
393 1783 576 1832 capiunt,
605 1785 639 1822 ἃ
665 1796 687 1822 a
711 1783 839 1822 fronte
865 1784 1066 1831 muniunt,
1092 1784 1191 1833 quali
1224 1785 1341 1825 castra.

60 1852 304 1882 metarentur.
327 1844 404 1884 Sed
427 1852 582 1882 onerata
604 1845 776 1892 jumenta
801 1845 1055 1893 retinuerant3
1084 1846 1120 1884 ὁὶ
1141 1845 1342 1895 postquam

8 1915 11 1918 ’
60 1902 243 1943 Caesarem
272 1905 387 1943 castra
418 1903 607 1955 posuisse,
643 1907 676 1944 Sc
705 1905 851 1956 equites
882 1905 1109 1956 pabulatum
1139 1907 1339 1958 dimisisse,

56 1965 268 2015 sensissent,
285 1966 352 2006 sub
376 1968 579 2006 meridiem
599 1966 722 2007 subito
739 1967 984 2008 discesserunt
997 2000 1009 2018 ,
1033 1978 1097 2018 ut,
1115 1970 1335 2020 priusquam

56 2041 235 2067 revocare
262 2028 381 2068 Caesar
404 2030 552 2079 equites
573 2028 718 2079 posset,
743 2029 982 2080 aliquantum
1004 2029 1146 2077 itineris
1170 2031 1336 2072 confice-

54 2098 168 2130 retur.
205 2090 240 2130 Is
263 2103 416 2140 quoque
434 2103 552 2138 vanus
571 2091 624 2130 eis
646 2098 807 2130 conatus
833 2091 919 2131 fuit.
953 2091 1072 2132 Caesar
1096 2092 1222 2131 statim
1245 2104 1336 2133 cum

55 2148 272 2201 legionibus
306 2151 526 2191 subsecutus
546 2182 557 2199 ‚
590 2154 626 2192 ἃ
648 2152 732 2203 post
758 2165 896 2204 paucas
929 2153 1041 2193 horas
1066 2154 1255 2204 equitatus
1275 2155 1336 2195 su-

54 2213 278 2262 perveniens
294 2242 305 2260 ‚
337 2213 475 2262 castra,
500 2213 566 2253 ubi
598 2214 758 2253 minime
782 2214 1009 2263 voluissent,
1035 2216 1168 2254 metari
1192 2218 1334 2266 coegit.

55 2274 226 2315 Substitit
252 2276 368 2314 etiam
397 2275 438 2314 in
465 2275 680 2326 propinquo
703 2274 843 2315 Caesar:
872 2275 937 2315 sed
969 2275 1212 2316 tabernacula
1235 2277 1330 2326 poni

99 2391 121 2435 g
145 2392 304 2427 xxvm.
330 2393 415 2427 caes.
440 2395 583 2440 Appian.
604 2394 686 2433 Dio.
709 2395 851 2431 Sueten.
872 2395 907 2428 in
933 2394 1018 2430 Caes.
1034 2406 1063 2429 c.
1081 2395 1135 2434 73.
1160 2394 1183 2438 5
1204 2391 1335 2433 xxm.-

56 2435 145 2472 Caes.
171 2438 312 2472 Sueten.
334 2437 415 2472 Dio·
