1675 2959
251 193 262 196 -
299 144 397 209 348
464 146 563 196 JO.
595 148 1108 200 FREINSHEMII
1141 152 1488 204 SUPPLEM.¹

297 252 540 295 mitianarum
568 256 732 304 fiducia,
772 269 862 306 quas
892 257 1009 297 Curio
1045 259 1238 299 mans-'uras
1269 261 1308 299 in
1335 262 1483 301 recenti
1514 259 1578 301 sae}

299 318 653 365 erament0‚varus
674 318 864 360 redituras
883 318 931 357 ad
952 327 1076 368 vetus,
1094 322 1293 370 putabant.
1317 323 1393 363 Sed
1411 323 1478 363 ubi
1497 322 1576 362 val-

295 373 375 417 lem
398 379 553 417 tranfire
575 379 662 418 Vari
687 378 874 427 equitatus
894 381 1018 420 omnis
1047 393 1136 421 cum
1162 392 1268 433 parte
1291 383 1384 423 levis
1411 381 1579 424 armatu-

294 447 345 475 rae
361 440 483 487 coepit
498 451 508 486 ;
525 438 672 487 equites
687 438 886 483 Curionis,
903 451 992 478 cum
1015 440 1162 481 duabus
1182 444 1490 484 Marrucinorum
1508 457 1578 484 co-

291 495 471 539 hortibus
499 500 647 549 impetu
678 500 807 549 facto,
836 500 985 543 teneros
1018 516 1038 542 a
1068 503 1142 543 fuis
1171 505 1308 547 velites
1335 510 1577 551 ceciderunt.

293 561 383 610 Qua
405 575 444 600 re
465 562 650 602 Varianos
669 563 909 613 perturbatos
935 577 1093 605 cernens
1120 566 1300 614 Rebilus,
1326 569 1473 620 legatus
1494 570 1579 610 Cae-
1622 564 1638 579 ⁶

290 617 403 671 saris,
427 636 540 672 quem
568 624 619 663 ob
645 626 827 675 peritiam
850 627 902 666 rei
935 627 1106 668 militaris
1140 642 1189 669 ex
1212 629 1342 670 Sicilia
1373 631 1489 672 Curio
1518 632 1577 673 se-

291 694 380 722 cum
415 683 647 730 adduxerat,
670 685 818 737 instare,
842 699 945 738 atque
965 699 1110 740 tempore
1134 690 1187 728 uti
1209 690 1330 739 jubet.

343 744 464 785 LXII.
500 747 584 786 Nec
606 755 775 786 moratus
802 747 945 797 Curio,
968 756 1011 788 ut
1039 759 1120 788 erat
1146 763 1233 791 acer
1261 754 1296 793 &
1325 754 1460 804 audax,
1499 756 1575 805 pri·

288 819 376 846 mus
409 809 598 858 procurrit
623 810 663 848 in
689 809 852 860 vallem,
889 812 1116 862 impeditam
1150 816 1347 865 adeo,·ut
1376 819 1424 858 ab
1453 818 1578 860 altera.

285 876 416 918 parte,
447 869 513 908 nisi
544 870 666 919 adjuti
693 883 715 909 a
743 870 844 918 suis,
876 871 1068 912 ascensum
1095 875 1303 916 difficulter
1334 879 1573 921 molirentur.

285 929 363 970 Sed
399 929 524 972 hostes
556 932 691 972 animis
720 932 927 982 perculsis,
958 947 1086 985 neque
1113 935 1225 977 ullius
1262 939 1328 978 nifi
1363 940 1464 991 fugae
1492 954 1575 981 me·

283 1004 436 1040 mores,
466 994 685 1046 priusquam
716 996 764 1035 ad
787 997 931 1045 jatrum
954 997 1022 1037 teli
1051 1010 1276 1048 perventum
1304 1002 1420 1051 esset,
1447 1003 1487 1043 in
1511 1016 1575 1043 ca-

283 1051 356 1092 stra
383 1067 517 1095 omnes
539 1056 789 1107 refugerunt,
817 1065 924 1109 tanta
956 1059 1284 1111 consternatione,
1319 1074 1363 1102 ut
1386 1065 1424 1102 in
1449 1065 1576 1115 portis

284 1115 322 1154 &
342 1116 518 1166 angustiis
548 1118 717 1166 viarum,
747 1118 871 1168 plu-res
900 1119 1032 1159 obtriti
1065 1123 1305 1174 oppreffique
1339 1137 1359 1163 a
1387 1125 1463 1165 suis
1489 1126 1568 1167 fine

282 1174 439 1216 vulnere
462 1187 721 1226 morerentur,
749 1192 863 1229 quam
892 1180 1082 1221 interfecti
1109 1184 1150 1221 in
1172 1184 1312 1234 proelio
1337 1186 1501 1226 fuerant.
1522 1188 1572 1229 Et

281 1237 352 1276 nili
382 1238 557 1279 Curionis
585 1241 726 1280 milites
758 1251 908 1282 tantum
943 1243 991 1282 ad
1019 1257 1188 1295 pugnam
1218 1248 1380 1297 profeffi
1405 1249 1481 1289 sola
1505 1251 1569 1290 se-

282 1313 373 1340 cum
410 1315 512 1343 arma
549 1303 796 1353 extulissent3
835 1305 973 1345 eodem
1009 1308 1157 1358 impetu
1197 1312 1409 1361 expugnari
1452 1313 1573 1354 castra

281 1370 500 1415 potuerunt.
537 1365 794 1406 Memorabile
819 1373 903 1406 tum
935 1367 1085 1406 facinus
1115 1368 1294 1420 Pelignus
1315 1373 1470 1422 quidam
1501 1387 1571 1413 no..

282 1425 390 1464 mine
416 1426 553 1466 Fabius
571 1428 705 1468 edidit.
731 1429 909 1479 Namque
933 1429 1406 1481 fugientibusimmixtus,
1427 1447 1571 1486 magna.

281 1501 379 1528 voce
404 1490 535 1528 Varum
555 1490 767 1530 identidem
798 1493 980 1532 invocans
1008 1494 1232 1543 requirebat.
1269 1497 1343 1539 Ubi
1376 1496 1462 1545 ille,
1487 1511 1569 1539 cre-

284 1552 380 1591 dens
406 1565 526 1592 unum
548 1566 569 1592 e
594 1553 690 1600 suis,
716 1555 871 1604 restitit,
889 1556 966 1608 quis
989 1556 1087 1608 effer,
1111 1558 1146 1597 δ’
1168 1559 1254 1610 quid
1266 1560 1384 1608 vellet,
1407 1562 1572 1602 interro-

282 1627 397 1665 gam,
424 1614 562 1654 Fabius
588 1616 712 1656 strieio
732 1616 860 1667 gladio
884 1630 970 1657 eum
992 1620 1120 1668 petiit:
1149 1622 1184 1659 Sc
1211 1621 1482 1672 interfecisset,
1507 1625 1569 1665 ni.

280 1674 307 1714 fi
337 1673 444 1713 scuto
467 1674 616 1730 sublato
642 1677 788 1716 vitasset
813 1678 932 1716 ic‘tum
954 1678 1085 1718 Varus.
1115 1678 1374 1732 Fabiun1‚qui
1396 1685 1567 1734 proximi

280 1736 380 1777 forte
401 1747 530 1788 erant,
558 1737 699 1779 milites
722 1742 962 1780 occiderunt.
997 1741 1100 1792 isque
1127 1742 1224 1782 [olus
1257 1744 1432 1786 Curionis
1466 1746 1568 1786 mili,

280 1808 367 1843 tum
395 1815 441 1841 ea
474 1816 601 1853 pugna
634 1803 800 1843 cecidit:
842 1803 1145 1845 adversariorum,
1175 1805 1376 1847 desiderati
1413 1809 1567 1852 circiter

279 1862 470 1912 sexcenti,
495 1866 530 1903 ἃ
559 1863 664 1903 mille
689 1874 867 1915 praeterea
887 1865 1072 1905 vulnerati
1097 1866 1196 1907 sunt.

334 1925 474 1965 LXIII.
496 1926 635 1974 Varus,
666 1939 754 1965 cum
783 1927 868 1966 suos
895 1928 1053 1967 mirifice
1080 1930 1369 1979 perterrefaeros
1390 1932 1564 1972 animad-

279 1996 465 2034 verteret,
482 1989 693 2027 exercitum
718 1990 765 2028 de
791 1990 900 2029 tertia
919 1991 1049 2041 vigilia
1077 2004 1124 2031 ex
1152 1993 1278 2033 castris
1307 1995 1347 2033 in
1373 1995 1564 2046 oppidum

279 2049 443 2088 reduxit.
484 2050 599 2088 Curio
635 2052 934 2091 circummunire
969 2054 1156 2104 oppidum
1187 2054 1376 2104 instituit,
1417 2068 1559 2108 magna

278 2109 367 2159 spe,
388 2111 489 2159 quod
504 2110 789 2162 Hispaniensem
814 2113 965 2153 Caesaris
987 2116 1213 2162 victoriam,
1242 2129 1324 2165 quae
1349 2116 1561 2159 multorum

279 2171 394 2211 literis
417 2185 460 2211 ac
488 2174 628 2213 nuntiis
656 2175 694 2213 in
714 2174 882 2218 Africam
906 2175 1192 2226 perferebatur,
1214 2178 1385 2216 omnium
1407 2179 1561 2219 animos

277 2233 543 2273 inclinaturam
568 2236 607 2273 in
634 2235 701 2275 has
726 2247 849 2286 partes
880 2237 1040 2278 rebatur.
1077 2238 1233 2279 Idcirco·
1250 2250 1337 2277 cum
1365 2253 1469 2292 regem
1494 2241 1561 2280 Ju-

278 2297 357 2335 bam
382 2298 496 2336 venire
514 2313 588 2336 cum
606 2299 739 2351 ingenti
765 2301 918 2338 exercitu
941 2301 1121 2348 audisset,
1147 2301 1207 2340 vix
1232 2301 1385 2341 credere
1405 2303 1559 2352 potult;

280 2362 406 2400 donec
431 2361 557 2400 minus
581 2362 747 2411 quinque
764 2364 799 2402 δ’(
824 2362 959 2413 viginti
989 2363 1156 2405 millibus
1185 2363 1307 2403 abesse
1338 2365 1474 2404 didicit
1496 2378 1562 2415 req

321 2485 344 2532 5
369 2485 472 2519 LXII.
498 2486 582 2520 Caes.
608 2486 755 2532 Appiam
784 2488 877 2523 civil.
903 2490 927 2522 ¹..
951 2500 986 2525 Ἀ
