1675 2959
289 119 368 166 lN
410 112 933 165 Loc‚L1B.cxn
980 118 1118 164 ων.
1280 135 1377 182 417

22 201 25 257 ὲ
88 224 190 265 illius
216 229 314 280 apud
336 227 500 278 caesarem
530 224 683 277 gratiam
710 224 865 276 praefidio
879 223 948 274 fibi
967 222 1068 276 fore,-
1095 239 1161 275 quo
1194 227 1305 265 tutius
1332 228 1383 267 aa

20 305 23 311 ··
89 287 282 325 amicitiam
301 285 513 340 officiumque
539 286 689 323 redeant.
722 284 779 324 Ibi
798 283 1022 324 Ptolemaeus
1045 285 1140 323 flens
1166 298 1272 324 orare
1295 288 1376 326 Cae-

21 397 22 401 Ἰ
90 347 212 387 sarem
244 349 384 397 coepit,
408 361 450 384 ne
469 347 508 399 se
542 347 739 385 dimitteret.
771 347 864 384 nihil
881 347 951 397 fibi
984 349 1161 398 conspeblu
1190 347 1295 399 ipfius
1319 349 1381 399 ff

20 412 21 444 ὲ
78 406 288 463 jucundius.
321 409 396 449 Sed
422 409 520 447 adeo
544 407 642 447 fiCtae
672 408 829 447 fuerunt
852 421 904 447 eae
928 407 1118 454 lacrimae,
1141 415 1183 447 ut
1212 408 1381 447 adventu

19 476 21 505 ἱ
89 473 171 519 ejus
205 470 479 517 Alexandrini,
507 469 532 508 fi
562 482 678 519 quam
710 478 820 508 antea
848 472 1125 519 cogitationem
1164 470 1267 519 pacis
1308 469 1384 508 ha-

87 530 273 578 buissent,
298 543 381 570 eam
399 544 555 570 omnem
577 531 837 580 deponerent,
862 529 1083 580 bellumque
1102 531 1244 579 acrius,
1266 541 1380 580 quam

90 605 260 642 unquam
287 594 413 643 prius,
446 592 763 638 administrarent.

148 655 306 695 LXXV.
336 655 422 702 Jam
439 667 487 694 ex
509 654 616 704 Syria
642 656 677 693 ἃ
696 654 833 692 Cilicia
859 654 1053 693 confluere
1078 654 1220 694 auxilia
1238 655 1286 694 ad
1305 654 1386 694 Cae·

88 715 208 755 sarem
225 727 444 766 coeperant,
469 716 784 765 commeatusque
809 715 969 754 navibus
992 717 1197 766 apportari.
1233 717 1303 758 His
1328 717 1385 754 in-

92 779 337 828 tercipiendis
361 777 523 828 AEgyptii
548 778 597 816 ad
623 777 702 817 Nili
733 777 822 816 ostia
853 778 958 826 ignes
982 779 1225 818 excitabant:
1244 780 1382 829 quibus

91 841 270 891 decepti,
292 853 380 879 cum
405 840 458 878 ibi
496 839 666 889 praefidia
695 839 846 878 Caesaris
873 839 947 877 ess'e
980 850 1176 889 putarent„
1200 841 1382 880 nonnulli

89 905 308 943 inciderunt
331 902 370 942 in
399 902 561 942 hostium
588 915 745 941 manus:
778 903 904 940 donec
929 904 1088 953 quaestor
1110 904 1169 944 Ti.
1197 904 1382 944 Claudius

88 967 218 1014 Nero,
244 974 349 1016 pater
370 966 452 1013 ejus
475 964 645 1012 Tiberii,
671 964 735 1014 qui
758 963 885 1014 postea
912 965 1137 1014 imperavit,
1157 978 1244 1004 cum
1271 966 1383 1006 claffo

90 1029 141 1068 ad
172 1028 375 1078 Canopum
408 1027 628 1076 profectus,
656 1027 848 1066 submovit
880 1027 1149 1077 IEgyptiorum
1175 1028 1382 1078 stationes‚

90 1084 379 1136 plurimumque
392 1102 438 1128 eo
459 1090 559 1128 facto
578 1090 626 1129 ad
649 1089 846 1130 vietoriani
869 1091 1042 1129 contulit.
1071 1091 1233 1130 Amissus
1251 1100 1382 1132 tamen

90 1160 135 1187 ea
168 1145 415 1197 expeditione
448 1156 535 1182 cum
564 1144 627 1183 sua
666 1146 894 1196 quadriremi
929 1152 1105 1193 Rhodius
1132 1151 1388 1200 Euphranor,

91 1211 149 1250 rei
177 1209 277 1248 bene
302 1205 578 1259 gestaetristem
600 1207 782 1258 imposuit
805 1218 947 1247 notami

151 1269 328 1310 LXXVI.
359 1263 462 1307 Inter
485 1268 566 1308 haec
591 1269 835 1310 Mithridates
861 1271 1135 1321 Pergamenus,
1154 1273 1266 1311 initio
1287 1271 1381 1313 belli

91 1330 271 1374 missura
292 1330 459 1377 Caesare,
475 1330 620 1370 validas
649 1332 688 1369 in
714 1333 821 1383 Syria
843 1341 956 1382 atque
972 1332 1107 1373 Cilicia
1129 1336 1262 1384 copias
1290 1349 1386 1376 cone

90 1402 271 1435 traxerat.
295 1392 380 1432 Erat
402 1393 507 1430 enim
524 1405 671 1442 magnae
689 1393 792 1442 apud
818 1394 990 1433 civitates
1009 1397 1269 1444 memoratis,
1291 1411 1383 1448 pro-

89 1465 176 1508 pter
202 1454 427 1505 singularem
447 1452 624 1493 virtutem
647 1453 687 1492 in
708 1454 830 1501 bello,
859 1456 892 1493 δε
921 1454 1109 1494 summam
1137 1456 1382 1500 nobilitatem

94 1517 226 1557 domI:
251 1516 397 1565 quippe
426 1515 474 1552 ad
502 1513 758 1562 Gallograeciae
785 1515 993 1554 tetrarchas
1018 1516 1206 1556 referebat
1238 1525 1380 1568 genus,

95 1581 132 1620 ἃ
160 1577 248 1629 quia
269 1576 406 1628 pellice
432 1576 669 1617 Mithridatis
705 1577 839 1626 magni
867 1586 947 1616 erat
972 1580 1098 1619 editus
1115 1610 1126 1627 ‚
1155 1581 1270 1619 amici
1297 1595 1382 1621 ma-

90 1643 192 1683 terni
218 1641 295 1680 hoc
323 1640 357 1679 ei
387 1648 532 1678 nomen
559 1638 842 1689 imposuerant,
869 1649 912 1678 ut
944 1653 1031 1690 rege
1059 1651 1266 1692 prognatus
1295 1642 1383 1686 exi-‚2

91 1704 316 1745 stimaretur.
361 1701 471 1740 Certe
500 1699 771 1747 Mithridates,
801 1713 889 1739 cum
926 1701 1093 1752 Pergami
1120 1713 1386 1753 magnamtea

90 1764 270 1806 trarchici
290 1764 435 1815 generis
451 1763 610 1812 stragem
632 1761 827 1809 edidiffet‚
851 1763 954 1802 hunc
983 1763 1179 1813 parvulum
1199 1778 1279 1803 non
1303 1765 1384 1804 ser-

90 1829 199 1869 vavit
227 1836 399 1872 tanturn,
425 1823 490 1863 sed
524 1826 560 1863 ὃς
597 1824 864 1874 transportavit
891 1826 1015 1864 secum
1046 1828 1084 1864 in
1117 1827 1250 1874 castra,
1283 1827 1382 1867 mul„-

89 1891 228 1942 rosque
253 1903 319 1941 per
339 1901 460 1928 annos
483 1887 692 1939 disciplinis
714 1889 825 1938 regiis
849 1889 1093 1929 educandum
1120 1892 1273 1932 curavit.

150 1952 349 1995 LXXVII.
371 1953 446 1992 Sed
469 1951 556 1998 hic,
585 1951 678 1990 ostio
705 1952 893 1991 Pelufiaco
913 1963 1071 1992 conatus
1095 1955 1264 2004 ingredi,
1290 1964 1380 1994 cum

92 2014 143 2055 ab
184 2014 370 2065 AEgyptiis
405 2012 567 2051 navibus
614 2011 898 2062 prohiberetur,
935 2016 1104 2064 perrexit
1136 2015 1185 2053 ad
1210 2015 1383 2063 foliam,

92 2076 270 2128 qualibus
285 2088 329 2114 ea
345 2077 449 2125 regio
465 2073 610 2120 multis,
635 2087 683 2113 ex
706 2087 818 2113 amne
836 2076 1008 2125 principe
1030 2076 1224 2124 dedu-stis,
1251 2078 1382 2127 irriga-

93 2144 181 2177 tur:
207 2147 321 2187 atque
351 2138 390 2176 in
419 2149 503 2175 eam
535 2134 725 2175 translatis
751 2137 1050 2189 navibus‚(nec
1075 2139 1178 2177 enim
1204 2140 1251 2178 ad
1276 2150 1383 2178 mare·

90 2199 361 2251 pertingebat,
388 2198 454 2238 sed
469 2200 610 2238 iterum
634 2197 675 2236 in
698 2198 843 2237 flumen
865 2209 945 2238 erat
970 2199 1124 2251 aversa)
1150 2200 1242 2240 Nilo
1265 2201 1383 2240 fluvio

142 2330 165 2375 §
190 2329 344 2365 LXXIV.
365 2331 512 2376 Appian.
534 2332 615 2366 Dio.
634 2332 723 2365 Hirr.
743 2334 763 2374 ξ
786 2330 923 2366 LXXV.
947 2330 1046 2366 Oros}
1068 2333 1108 2372 6,
1131 2333 1176 2364 ·6.
1191 2332 1271 2365 Dio.
1286 2332 1378 2367 Hirr,

100 2376 245 2409 Sueton.
275 2377 308 2408 in
330 2376 445 2410 Tiber.
474 2388 502 2409 c.
531 2389 565 2416 4.
600 2377 622 2421 §
649 2377 802 2415 LXXVI.
834 2379 976 2412 Sueton.
1007 2379 1099 2410 Hirr.
1125 2377 1233 2411 Strab.
1265 2379 1290 2412 l.
1329 2388 1384 2412 η,

104 2420 194 2453 Plut.
219 2421 259 2454 de
279 2422 362 2454 virt.
387 2422 518 2454 mulier.
542 2432 571 2453 c.
595 2434 651 2463 44.
670 2422 777 2456 Dion

158 2478 210 2522 T,
232 2478 347 2528 Livii
382 2481 482 2525 Vol.
512 2479 581 2525 Χ.
1079 2475 1128 2523 D
1155 2474 1184 2522 d
