1675 2959
271 136 364 202 338
431 138 521 186 JO.
554 136 1048 183 FREINSHEMII
1094 137 1459 185 SUPPLEM.

267 246 341 285 bus
356 245 562 296 defatigati
590 243 723 292 malis,
745 256 835 282 nam
858 244 908 282 ad
935 244 1187 284 incommoda
1214 244 1305 284 belli
1329 258 1351 284 e
1373 247 1480 285 vic'tu
1500 251 1557 285 te-v

266 309 335 347 nui
365 310 402 348 ὁὶ
436 317 619 368 corrupto
650 305 826 361 (hordeo
855 307 891 345 Sc
917 306 1057 355 panico
1079 315 1206 346 vetere
1229 306 1458 355 alebantur)
1484 318 1558 357 pe-

264 371 437 411 stilentiae
471 370 616 409 malum
649 367 876 416 accesserat3
915 367 1066 407 Caesaris
1101 368 1192 408 fidei
1222 369 1259 408 se
1290 368 1554 420 permiserunt.

264 432 408 473 Fuerat
428 433 474 471 iis
499 429 646 477 Caesar,
674 441 746 467 nec
770 429 867 467 sine
862 427 1008 474 causa,
1031 429 1261 470 iratiffimus.
1286 431 1402 481 igitur
1422 438 1556 480 praeter

263 497 385 534 vitam
410 487 676 533 &libertatem
693 489 790 528 nihil
806 491 928 529 ferme
945 488 1099 539 reliquit
1122 490 1245 531 vietis.
1266 505 1370 531 arma
1382 523 1394 541 ‚
1413 504 1554 539 naves,

265 555 439 607 pecuniae
463 553 587 592 statim
602 583 613 600 ,
629 560 756 590 cetera
776 565 869 591 mox
885 553 1040 591 ademta
1056 551 1154 593 sunt.
1176 552 1308 592 Postea
1323 562 1454 593 tamen
1470 553 1556 593 sub·-

262 618 355 656 inde
371 615 511 654 remifit
527 613 671 663 aliquid
692 614 754 652 irae
771 644 782 662 ,
799 614 947 652 nomini
963 625 1122 664 parcens
1141 616 1177 653 &
1191 615 1364 654 vetustati
1378 616 1552 654 civitatis,

317 687 403 727 XL.
435 685 511 726 Sed
539 684 671 736 paucis
697 694 787 723 ante
815 683 978 732 diebus,
1008 696 1125 734 quam
1148 683 1189 721 in
1219 683 1446 733 potestatem
1474 684 1555 723 Cae-

262 749 352 789 saris
373 747 539 788 Maffilia
566 746 819 793 concederet,
846 746 888 785 L.
912 745 1108 785 Domitius
1134 758 1224 785 cum
1250 759 1326 785 una
1349 759 1445 786 nave
1466 760 1557 797 pro-

263 814 426 862 fugerat.
448 810 518 850 His
540 809 652 848 rebus
676 809 728 847 ita
752 808 882 858 gestis,
900 808 1042 856 Caesar,
1060 808 1255 858 praemiffis
1268 808 1416 860 aliquot
1437 808 1557 857 legio-

262 874 381 911 nibus
406 873 448 908 in
470 869 621 909 Italiam
637 899 648 917 ,
673 869 863 920 proficisci
893 871 941 909 ad
965 869 1101 909 urbem
1128 869 1282 917 statuit,
1307 868 1414 918 quod
1437 867 1476 906 se
1500 869 1558 906 di-

264 936 447 972 c'tatorem
480 931 553 970 effe
583 931 730 971 dictum
769 931 953 972 Narbone
992 939 1237 982 cognoverat.
1277 931 1377 970 Rem
1406 938 1557 969 tantam

259 1002 483 1045 temporum
513 995 641 1046 potius
669 994 852 1041 licentia,
883 1008 998 1045 quam
1033 996 1116 1044 jure
1151 996 1187 1034 δι
1206 1006 1314 1033 more
1334 992 1554 1041 majorum,

263 1049 513 1091 mfflmffiuc
530 1056 700 1098 Lepidus
721 1067 859 1107 praetor
883 1056 1115 1106 perfecerat,
1141 1057 1196 1105 is,
1217 1057 1284 1106 qui
1309 1055 1437 1105 postea
1461 1067 1553 1094 cum

262 1112 434 1151 Antonio
467 1112 502 1149 &
536 1110 752 1150 Octaviano
779 1116 922 1149 Caesare
955 1113 1240 1149 triumviratum
1272 1115 1416 1149 invasit.
1448 1115 1555 1164 Falfi)

262 1175 353 1213 credi
376 1171 571 1222 jac‘tabat‚
607 1173 674 1223 nifi
694 1187 717 1209 a
750 1172 888 1225 confide
913 1171 1110 1211 diffatorem
1136 1172 1208 1218 dici
1233 1186 1303 1209 non
1321 1172 1442 1224 poffi:
1469 1188 1553 1211 nam

261 1235 298 1273 δ’
326 1235 409 1272 olim
437 1250 460 1272 a
493 1234 630 1271 tribuno
663 1233 813 1271 militum
836 1235 889 1273 A.
920 1233 1079 1273 Cornelio
1108 1235 1328 1272 Mamercum
1362 1234 1555 1272 AEmilium

261 1299 388 1337 diflum
409 1297 472 1349 ff·
491 1299 532 1334 de
545 1295 722 1349 sententia
758 1296 922 1350 collegii,
952 1311 1026 1334 cum
1055 1297 1171 1334 itidem
1189 1310 1330 1350 propter
1353 1297 1556 1350 intempesti-

262 1376 345 1400 vam
379 1361 593 1413 quorundam
619 1360 871 1398 dubitationem
900 1373 1050 1412 augures
1073 1360 1208 1412 consuli
1228 1360 1376 1411 finatus
1405 1358 1555 1412 censuifi

254 1425 320 1477 set.
343 1423 401 1463 Ita
421 1423 556 1461 ceteris
577 1421 806 1461 invitissimis
832 1422 1067 1473 propofitum
1090 1422 1260 1472 Lepidus
1281 1422 1428 1470 tenuit,
1445 1422 1554 1474 send-

261 1496 318 1523 tus
344 1493 474 1522 tamen
500 1483 717 1523 obtendens
743 1485 977 1522 annositatem
1000 1484 1191 1536 populique
1207 1483 1338 1536 juffum
1351 1498 1368 1530 ‚·
1396 1494 1486 1521 curn
1510 1482 1552 1520 in

261 1545 321 1585 his
352 1547 577 1586 nominibus
608 1546 704 1585 nihil
723 1555 828 1595 tum,
857 1555 991 1596 praeter
1018 1545 1097 1596 ipsa
1120 1545 1299 1594 nomina,
1321 1545 1432 1585 foret.

315 1610 422 1649 XLI.
456 1610 531 1649 Sed
558 1623 661 1667 arma
687 1609 854 1658 hostium
879 1619 992 1660 atque
1013 1610 1096 1658 jura
1123 1610 1286 1649 civium
1297 1605 1375 1660 pari
1400 1607 1551 1660 impetu

257 1682 546 1722 proterentem,
569 1684 652 1723 pars
679 1673 888 1720 exercitus,
913 1686 986 1722 quo
1009 1672 1184 1727 adjdtore
1208 1672 1289 1712 haec
1314 1674 1446 1712 omnia
1462 1685 1552 1734 ege-

257 1738 344 1778 rat,
370 1741 509 1772 terrere
535 1733 782 1772 seditionibus
803 1734 934 1784 coepit.
959 1734 1074 1774 Nona
1096 1728 1228 1785 legio,
1236 1731 1437 1785 praemiffa
1458 1746 1551 1773 cum

259 1795 344 1836 aliis
371 1797 411 1835 in
427 1796 603 1845 Italiam,
620 1796 819 1847 postquam
843 1796 1078 1836 Placentiam
1102 1797 1307 1848 attigerat,
1338 1796 1551 1836 tumultum

260 1858 406 1906 movit,
429 1858 608 1909 mtffi'onem
641 1858 833 1909 postulans
848 1890 858 1907 ‚
885 1875 987 1912 quam
1011 1860 1094 1898 olim
1122 1861 1226 1898 etiam
1250 1861 1380 1898 decreto
1399 1860 1547 1912 senatus

249 1920 414 1974 juffiam„
445 1933 496 1958 tot
522 1922 649 1974 iniquis
676 1921 852 1959 laboribus
884 1921 1147 1974 vulneribusque
1178 1921 1315 1959 abunde
1349 1919 1551 1972 meruiffi‘nt.

259 1982 432 2019 Praeterea
451 1982 521 2033 fibi
546 1984 594 2020 ad
615 1983 835 2033 Brundisium
857 1984 1018 2021 denarios
1043 1983 1236 2035 quingenos
1256 1981 1464 2034 promiffbs,
1489 1984 1550 2020 ne.

257 2057 319 2096 que
342 2045 423 2081 dum
453 2045 704 2096 repraesentatos
730 2043 803 2096 effi.
838 2044 971 2082 Verior
996 2054 1127 2082 tamen
1163 2042 1275 2082 causa
1305 2052 1408 2090 erat,
1447 2042 1550 2081 mili-

257 2111 342 2142 tum
364 2105 553 2155 cupiditas
580 2108 614 2144 δε
638 2104 710 2153 ira3
738 2105 866 2155 quod,
892 2105 1027 2154 praedae
1048 2104 1120 2143 suae
1145 2106 1281 2144 cuneta
1309 2103 1451 2142 cessura
1467 2102 1549 2153 spe-

257 2175 385 2204 rantes
416 2166 500 2216 post
528 2167 754 2215 vieioriam,
788 2167 835 2206 ab
863 2166 970 2204 omni
1004 2167 1144 2214 injuria
1186 2175 1398 2216 temperare
1434 2177 1549 2214 coge-

258 2227 409 2266 bantur.
431 2226 540 2266 fimul
561 2240 605 2266 ea
623 2228 806 2278 opinione
822 2227 1006 2267 ferociam
1031 2227 1223 2279 augebant
1241 2257 1252 2275 ,
1277 2227 1404 2276 quod,
1426 2237 1548 2265 arma-

303 2353 322 2386 Ε
347 2353 505 2384 XXXIX.
527 2353 615 2385 Flor.
641 2353 725 2386 Caes.
749 2354 820 2385 Cic.
846 2354 931 2386 Phil.
954 2354 994 2394 8,
1014 2354 1045 2386 6.
1074 2352 1176 2386 Oros.
1201 2353 1240 2392 6,
1261 2364 1310 2391 ις.
1343 2352 1485 2384 Diodor.
1515 2351 1542 2384 ῐ.

263 2399 588 2484 i1i·g‡13bcl}‡·§
607 2398 678 2431 XL.
704 2398 777 2433 Cic.
796 2399 835 2432 ad
850 2399 955 2433 Attic.
979 2410 1021 2442 9,
1047 2410 1098 2433 11.
1119 2398 1198 2431 Dio.
1220 2398 1292 2432 Liv.
1312 2411 1352 2440 4,
1378 2407 1436 2440 3¹·
1456 2395 1544 2430 qur.
