1675 2959
260 132 319 195 36
387 117 1438 195 JO.FRE1NSHEMHSUPPLEM.

257 236 313 279 lio
329 269 340 287 ,
366 237 461 277 sicut
486 235 594 286 supra
611 233 760 272 dic‘tum
786 230 862 279 est,
887 229 1095 280 profugus3
1119 211 1398 278 dudffloemque
1423 224 1462 264 se
1484 231 1553 274 pa-

258 309 413 342 ternum
445 310 604 350 regnum
631 294 832 335 invadenti
861 292 1035 343 praebuit.
1072 289 1208 332 Multis
1236 290 1365 339 itaque
1393 285 1548 338 populis

258 372 373 404 metu*
402 359 577 412 Pompeji
597 388 608 404 ,
634 357 777 408 partim
807 357 925 394 etiam
960 353 1053 404 regii
1078 354 1231 402 juvenis
1263 352 1420 398 favore,
1449 348 1553 387 defi-

257 423 450 465 cientibus
463 454 474 470 ,
488 433 553 460 rex
566 419 761 458 lenitatem
779 416 1013 463 Romanam,
1034 426 1151 465 quam
1171 414 1251 452 vim
1266 444 1276 460 ‚
1294 409 1458 461 experiri
1474 422 1553 448 ma-

256 489 358 530 luit:
380 485 563 534 miffoque
588 481 842 520 caduceatore
857 509 868 527 ,
891 477 1040 528 legatos
1065 475 1270 515 transdidit
1294 470 1548 515 Mithridatis.

313 549 388 589 IX.
427 546 502 587 Sed
535 543 735 583 obsistente
759 540 866 588 filio,
899 551 989 578 cum
1025 538 1126 588 aequi
1157 534 1257 576 nihil
1287 533 1551 585 impetraffet‚

259 613 299 652 ἃ
316 642 326 658 ,
351 610 476 648 Araxe
507 603 725 657 transtruffi,
746 603 862 640 venire
884 600 1090 654 Pompejum
1115 599 1288 647 audiret,
1316 607 1553 648 quamquam

258 674 430 714 evocatis
453 667 588 709 amicis
604 697 617 714 ,
641 664 891 716 cognatisque
908 664 1088 702 Artaxata
1115 660 1288 712 praefidio
1311 659 1552 707 muniverat3

257 736 442 778 Romano
477 730 515 770 se
550 727 678 768 statuit
712 726 866 766 dedere.
923 723 1202 765 Sextodecimo
1236 722 1329 762 inde
1372 720 1553 762 milliario

261 795 380 835 castra
418 791 626 840 Pompejus
657 787 875 827 locaverat:
908 785 1119 835 auditoque
1151 783 1330 835 Tigranis
1357 783 1556 829 adventu,

259 858 439 898 tribunos
466 850 741 904 praefecffosque
773 848 931 887 honoris
957 847 1069 887 causa
1101 846 1253 885 miserat
1278 844 1444 884 obviam.
1481 844 1557 884 Eos

260 921 379 962 amici
404 916 640 966 comitesque
659 914 758 965 regis
781 912 1020 963 conspicati,
1036 912 1076 950 in
1097 920 1245 950 metum
1267 906 1423 948 adducti
1448 907 1558 956 sunt,

259 983 353 1034 quia
380 980 585 1030 Tigranes,
617 977 771 1016 nemine
803 974 1017 1025 praemiffo,
1040 985 1166 1024 neque
1194 971 1381 1023 potestate
1410 982 1454 1008 ea
1481 970 1556 1009 im-

260 1050 440 1096 petrata,
471 1038 672 1086 veniebat,
710 1049 759 1075 ne
788 1035 974 1075 hostiliter
1002 1033 1283 1082 exciperentur.
1321 1031 1397 1072 Sed
1423 1030 1559 1081 Tigra-

261 1122 356 1155 nes,
384 1101 679 1155 diffugientibus
717 1100 878 1146 ceteris,
919 1095 1043 1137 nihilo
1079 1094 1199 1134 secius
1239 1094 1451 1131 institutum
1486 1093 1562 1130 iter

261 1171 426 1224 peregit.
471 1168 571 1205 Cum
597 1162 742 1201 vallum
769 1159 928 1198 intraret
963 1169 1102 1208 eques,
1137 1156 1216 1195 duo
1241 1154 1418 1204 Pompeji
1450 1153 1560 1193 licto·

266 1242 327 1273 'res
354 1229 549 1284 descendere
571 1223 782 1276 jufferunt,
815 1221 909 1274 quod
927 1221 980 1258 ita
1007 1219 1143 1273 ingredi
1170 1218 1281 1271 castra
1303 1217 1466 1255 Romana
1489 1230 1563 1255 non

265 1297 391 1336 liceret.

322 1358 375 1398 X.
400 1354 552 1395 Idcirco
574 1347 741 1403 pedibus
766 1345 933 1397 perrexit
955 1344 1004 1384 ad
1023 1341 1198 1394 Pompeji
1222 1340 1420 1390 tribunal,
1443 1354 1463 1380 e
1480 1349 1562 1381 tan.

263 1431 308 1463 to
333 1421 429 1461 fastu
458 1430 523 1457 rex
557 1415 677 1455 modo
703 1424 838 1463 regum
868 1409 919 1450 ad
943 1407 1167 1460 pudendam
1199 1404 1456 1445 humilitatem
1483 1405 1563 1444 ani-

266 1498 335 1524 mo
363 1478 567 1531 delapsus,
600 1474 735 1516 habitu
769 1473 869 1511 inter
898 1468 1094 1522 pristinam
1126 1479 1314 1519 pompam
1347 1469 1382 1506 ἃ
1405 1466 1567 1517 praesen.

268 1556 350 1586 tem
372 1544 568 1583 fortunam
593 1544 822 1588 temperato.
848 1533 1070 1574 Imitatione
1094 1530 1325 1571 Persicorum
1347 1541 1479 1580 regum
1503 1537 1566 1567 tu-

268 1608 400 1647 nicam
422 1602 511 1642 albo
530 1599 661 1640 colore
688 1596 902 1637 distinctam
917 1625 929 1643 ‚
949 1593 1141 1643 aliamque
1162 1590 1303 1630 vestem
1329 1585 1565 1641 purpurearn

269 1676 394 1710 totam
421 1665 592 1720 (Candys
613 1661 719 1709 haec,
745 1658 812 1698 illa
835 1658 987 1711 Sarapis
1007 1653 1277 1707 vocabantur)
1302 1652 1444 1714 gestare
1470 1664 1566 1691 con-

269 1734 465 1774 sueverat:
495 1740 559 1767 eas
586 1735 667 1766 tum
692 1722 841 1772 omisit,
869 1722 1005 1761 tiaram
1033 1732 1122 1759 cum
1151 1717 1370 1758 diademate
1392 1715 1566 1756 retinuit.

270 1796 351 1837 Sed
379 1791 621 1845 progressus,
648 1788 714 1828 ubi
741 1787 949 1837 Pompejus
986 1792 1091 1831 erat,
1120 1783 1335 1822 detractum
1363 1780 1478 1831 capiti
1513 1780 1568 1820 ad

273 1859 394 1912 pedes
422 1856 524 1896 illius
554 1855 779 1905 deponere,
817 1849 896 1902 ipse
925 1846 1185 1900 procumbens
1219 1847 1378 1886 adorare
1406 1845 1568 1895 impera-

274 1932 400 1964 torem
430 1918 573 1969 coepit,
601 1917 664 1955 lzoc
693 1915 755 1954 uni
778 1914 818 1968 se
844 1910 1013 1965 Pompeio
1039 1911 1121 1948 dare
1148 1908 1344 1960 praefatus:
1381 1921 1488 1960 neque
1508 1921 1569 1945 cu-

266 1984 435 2039 jusq11am
455 1981 624 2027 alterius,
639 1990 702 2017 aut
715 1976 889 2023 Romani,
914 1986 976 2012 aut
990 1973 1126 2010 barbari
1142 2001 1152 2020 ,
1169 1971 1258 2022 fidei
1273 1972 1314 2024 fi
1335 1969 1567 2023 permffumn

267 2045 403 2101 fuiffi:
434 2040 541 2096 neque
567 2054 663 2095 turpe
675 2041 744 2092 fibi
776 2039 993 2092 existimare,
1023 2036 1054 2074 ei
1078 2035 1154 2075 viro
1173 2033 1336 2088 subjici,
1363 2047 1460 2085 quem
1484 2033 1572 2069 For-

278 2119 365 2146 tuna
408 2120 494 2159 upra
520 2118 635 2142 omnes
662 2100 846 2153 extuliffi’t.

350 2168 422 2209 XI.
450 2167 656 2216 Pompeius
686 2159 802 2202 manu
834 2159 1099 2207 sublevatum,
1133 2169 1258 2206 neque
1295 2154 1495 2205 procidere
1521 2153 1571 2192 ad

283 2242 408 2281 genua
430 2226 580 2279 passus,
609 2226 790 2266 diadema
821 2222 895 2262 suis
919 2220 1094 2261 manibus
1118 2218 1233 2269 capiti
1257 2219 1339 2266 ejus
1365 2214 1571 2264 imposuit,

282 2303 467 2346 regemque
495 2288 726 2340 appellavit,
744 2288 779 2326 ἃ
801 2286 965 2337 confidere
993 2281 1107 2333 justit.
1141 2280 1219 2332 ipse
1242 2280 1338 2318 inter
1363 2286 1510 2328 patrem
1532 2276 1573 2314 fi-

1252 2346 1260 2365 ο

335 2405 358 2450 §
382 2404 440 2437 IX.
465 2404 554 2436 Plut.
579 2402 657 2434 Liv.
684 2402 774 2445 Epir.
799 2397 1104 2443 Eutrop.Appian.
1131 2395 1274 2430 Diodor.
1311 2393 1334 2439 §
1361 2392 1405 2426 X.
1431 2389 1575 2424 Curtius

290 2461 333 2496 3,
355 2462 386 2496 3.
409 2449 550 2483 Diodor.
582 2449 726 2491 Eutrop.
753 2444 877 2488 Vellej.
