1675 2959
352 99 431 153 m
469 104 644 152 roe.
690 101 826 152 tis.
875 100 966 152 cx
1000 102 1153 155 riv,
1322 125 1418 177 337-

128 207 246 252 rebus
271 209 323 250 ita
356 210 593 259 constitutis,
628 209 748 250 Caesar
772 211 1012 250 Varronianis
1035 212 1194 252 navibus
1229 214 1417 257 Tarraco*

127 280 220 311 nem
235 272 453 318 revertitur,
474 270 601 320 ibique
618 280 853 310 conventum
884 274 1087 323 provinciae
1108 275 1289 315 citerioris
1311 279 1411 328 agit}

129 336 190 389 ὃς,
210 333 538 384 quemadmodum
565 334 606 372 in
633 332 814 373 ulteriore
837 335 1004 383 fecerat,
1029 335 1189 386 publice
1217 340 1412 387 privatim*

127 407 204 444 que
237 395 390 445 praemia
420 395 518 434 bene
558 395 703 434 meritis
740 395 936 436 distribuit.
975 397 1137 436 Pedestri
1177 398 1319 438 deinde
1352 402 1416 439 iti-„-

126 467 219 494 nere
243 455 466 495 Narbonem
499 454 707 505 digressus,
738 467 827 494 cuin
854 469 921 506 per
956 458 1172 509 Pyrenaeum
1214 471 1412 509 pergeret„

125 526 314 569 tropaeum
339 518 489 558 nullum
521 518 672 570 posuit,
699 519 803 568 quod
824 532 868 557 ea
889 533 943 558 res
962 521 1144 570 Pompejo
1167 534 1318 571 quoque
1339 523 1412 560 cri„

124 581 222 620 mini
246 589 327 620 erat
353 582 466 629 data;
499 580 565 619 sed
590 593 692 619 aram
721 580 824 619 haud
846 581 981 630 procul
1004 583 1246 632 Ponipejanis
1273 587 1414 621 moriu-

125 644 265 681 mentis
291 643 439 692 ingenti
465 641 570 680 mole
595 654 642 681 ex
662 642 787 692 polito
813 642 943 692 lapide
970 644 1125 691 struxit,
1149 643 1412 685 Alexandrum

125 703 322 754 imitatus,
345 703 410 755 qui
434 704 484 742 ad
504 703 762 742 imitationem
787 700 962 744 Herculis
992 708 1024 744 ὁὶ
1050 706 1176 745 Liberi
1207 707 1336 748 multis
1357 707 1420 747 lo-

125 766 205 813 cis,
227 766 278 805 ad
297 765 590 817 propagandam
614 766 862 806 victoriarum
882 760 1036 806 suarum
1055 769 1305 819 memoriam,
1330 783 1415 810 aras

124 826 279 864 erexiffe
302 827 504 865 ferebatur.

179 884 409 927 XXXVIII.
440 887 539 926 Cum
573 883 796 927 Narbonem
831 888 1084 939 pervenisset,
1114 887 1301 942 cognitiS,
1328 902 1412 943 quae'

123 943 274 984 interim
287 955 393 986 erant
405 947 456 985 ad
473 947 676 986 Maffiliani
691 948 808 998 gesta,
829 961 874 987 eo
894 950 1082 1000 proficisci
1099 952 1233 991 statuit.
1255 946 1412 1002 Quippe

120 1005 395 1057 Maffiiienses‚
415 1007 512 1047 nihil
535 1009 677 1047 damno
700 1007 844 1048 navalis
872 1022 1009 1061 pugnae
1040 1008 1236 1061 deterriti,
1266 1014 1305 1047 C.
1321 1013 1414 1048 Tre·

121 1066 241 1107 honio
253 1095 263 1112 ‚
282 1081 396 1114 quem
410 1059 598 1109 obsidioni
616 1071 836 1113 praefecerat
850 1071 992 1111 Caesae,
1011 1071 1158 1104 strenue
1175 1066 1407 1108 restiterant:

125 1129 162 1168 &
189 1127 360 1165 maxima
386 1127 468 1174 ejus
497 1137 613 1175 opera
648 1133 929 1164 tormentoruni
958 1124 1234 1174 multitudine,
1264 1132 1298 1169 δε
1330 1129 1413 1171 loci

123 1195 257 1227 natura
281 1199 326 1226 ac
349 1182 568 1226 munitione
594 1184 743 1234 adjuti,
768 1195 1037 1236 perruperant,
1069 1201 1112 1226 ea
1142 1189 1411 1232 machinarum

124 1246 329 1296 violentia,
362 1257 406 1288 ut
430 1248 564 1288 afferes
592 1248 739 1299 pedum
767 1248 976 1289 duodecim
1006 1249 1139 1289 ferreis
1170 1252 1315 1301 praefixi
1347 1267 1413 1293 cu-

123 1311 317 1363 spidibus,
350 1308 570 1362 ingentibus
603 1309 755 1349 ballistis
784 1323 851 1360 per
879 1320 1042 1361 quatuor
1072 1313 1223 1352 ordines
1248 1317 1411 1357 cratium

119 1373 326 1422 transacti,
355 1370 395 1411 in
431 1381 569 1412 terrain
601 1382 855 1422 penetrarent.
892 1373 1049 1413 Interim
1077 1375 1118 1414 L.
1142 1373 1318 1417 Nasidius
1340 1379 1413 1418 im-

122 1434 315 1487 prudente
342 1435 509 1475 Curione
538 1448 604 1485 per
628 1432 799 1476 Siculum
836 1436 1003 1483 fretum,
1040 1449 1129 1476 cum
1158 1440 1318 1479 navibus
1345 1440 1409 1480 se-

124 1497 360 1547 ptemdecim
373 1528 384 1545 ‚
401 1497 450 1537 ad
464 1496 749 1537 Massiliensium
767 1495 961 1537 castellum
977 1495 1198 1539 Tauroenta
1215 1506 1409 1554 pervenit;

125 1561 333 1608 auctorque
347 1558 420 1598 fuit
441 1559 604 1608 civitati,
622 1568 664 1598 ut
684 1560 827 1607 denuo„
840 1561 961 1602 mariti
970 1575 1037 1600 inae
1060 1574 1196 1612 pugnae
1214 1564 1409 1606 fortunam

123 1626 297 1659 tentaret.
334 1621 383 1660 At
408 1613 580 1669 Brutum:
601 1621 648 1660 ad
669 1621 832 1672 priorem
859 1618 1018 1673 claffem
1046 1621 1185 1663 additis
1220 1625 1406 1675 navibus,

116 1694 215 1732 ,quas
229 1682 277 1720 de
291 1677 579 1722 Massiliensibus
596 1696 717 1732 nuper
731 1690 885 1733 ceperat
897 1715 907 1731 ,
924 1680 1060 1722 iterum
1083 1697 1146 1723 eos
1166 1685 1405 1738 profligavit,

123 1742 285 1783 navibus
303 1744 479 1782 demersis
495 1744 686 1794 quinque,
707 1752 869 1800 quatuor
893 1745 1023 1794 captis.
1045 1759 1216 1784 unacum
1239 1747 1406 1788 Nasidia-

123 1803 182 1843 nis
199 1802 356 1843 navibus
374 1800 556 1851 discessit,
576 1817 657 1855 quae
678 1805 742 1862 viaex
765 1817 893 1856 coepto
913 1807 1121 1845 certamine
1145 1807 1407 1858 profugerant„

179 1861 378 1904 XXXIX.
418 1864 501 1904 Nec
528 1874 655 1903 tamen
679 1877 725 1903 eo
753 1864 873 1904 secius
904 1862 940 1903 in
972 1864 1201 1906 defensionis
1232 1868 1407 1919 suscepto

121 1925 318 1976 proposito
340 1924 620 1976 perseveratum
637 1925 732 1973 fuit;
754 1939 1008 1977 quamquam,
1024 1926 1154 1966 Caesari
1176 1928 1253 1977 jam
1274 1929 1408 1979 Hispa*

123 1987 205 2033 nias
232 1984 440 2035 acceffiffe‚
459 1986 562 2025 fama
589 1985 734 2025 tulerat.
772 1986 945 2037 Ingentia
969 1988 1150 2039 deinceps
1176 2002 1291 2039 opera
1316 1991 1411 2031 Tre-

123 2047 232 2088 bonii
259 2049 294 2087 δι
325 2042 477 2086 incensa
504 2048 551 2085 ab
574 2046 767 2094 hostibus,
803 2050 838 2087 ἃ
861 2061 880 2087 a
904 2048 1099 2088 Trebonio
1129 2050 1268 2090 refecta
1294 2051 1404 2094 sunm

123 2123 286 2161 quorum
309 2120 494 2149 annotare
513 2108 700 2148 rationem
724 2109 818 2147 nihil
840 2106 1000 2157 attinet,
1019 2119 1105 2150 cum
1126 2111 1277 2151 Caesaris
1300 2126 1408 2153 coms

123 2174 299 2214 mentarii
331 2174 482 2220 vivant,
523 2172 660 2223 quibus
685 2184 765 2212 tota
802 2173 867 2211 ista
897 2174 1044 2212 obsidio
1086 2172 1306 2216 inimitabili
1334 2192 1408 2217 no—⁵

91 2282 100 2286 ..
124 2238 205 2277 stris
230 2226 466 2288 temporibus
496 2235 685 2286 elegantia
712 2232 950 2275 describitur.
989 2237 1048 2276 Ad
1079 2236 1259 2277 ultimum
1284 2238 1409 2277 omni«

171 2359 193 2404 5
219 2358 394 2435 ΧΧξῩΠ.
417 2359 495 2394 Liv.
518 2360 610 2405 Epir.
632 2360 714 2394 Dioe
741 2359 888 2405 Appiam
914 2358 998 2392 Caes‘
1040 2359 1062 2402 ξ
1088 2355 1279 2397 XXXVIII,
1315 2360 1406 2397 Flex:

126 2414 169 2446 4,
203 2416 253 2437 10.
321 2416 368 2436 io.

212 2461 263 2508 T.
290 2460 408 2507 Livii
439 2463 538 2506 Vol.
567 2462 635 2509 X.
1156 2455 1198 2504 Y
