1675 2959
288 159 387 210 ¹402
455 150 548 196 JO.
587 150 1089 197 FREINSHEMII
1123 150 1486 204 XSUPPLEM.

293 270 450 297 amans:
472 260 540 312 fi’d
562 258 710 312 ejusdem
735 260 776 296 id
788 257 906 311 scelus
938 259 1004 311 est,
1033 257 1136 312 cujus
1164 259 1199 297 δ’
1221 257 1377 296 Romani
1406 258 1579 310 quondam

293 319 447 356 nominis
471 320 633 372 princeps
655 318 853 370 inter-fedius
862 332 879 366 ,·
903 332 1000 370 quem
1015 321 1051 371 fi
1071 320 1112 357 ob
1134 331 1277 357 veterem
1294 317 1441 371 gloriam
1454 346 1466 365 ,
1487 319 1521 357 G·
1541 319 1580 356 in

290 381 436 432 nostram
457 382 593 419 domum
607 380 730 418 merita
745 380 916 432 noluiffet,
933 382 1075 420 debebat
1089 382 1148 431 vel
1161 382 1246 434 quia
1262 396 1367 436 gener
1381 394 1463 420 tuus
1479 381 1577 429 olim,

291 443 353 481 vel
375 443 518 480 aemulus
546 455 654 494 nuper
665 440 745 492 fuit
758 471 771 488 ‚
795 443 947 481 revereri.
992 488 995 491 Ι

346 503 518 543 XXXV.
549 502 721 554 Princeps
752 514 917 541 terrarum
944 503 1124 556 populus,
1143 505 1290 544 ducibus
1317 505 1397 544 hinc
1424 505 1580 559 Caesare,

291 562 374 602 inde
398 563 566 616 Pompejo
579 591 591 610 ‚
612 565 808 602 concurrit:
831 565 912 617 quis
935 567 1024 605 inter
1042 567 1111 606 haec
1132 563 1275 619 aliquas
1296 567 1359 619 effi
1380 569 1497 606 credat
1521 581 1579 605 eu·

290 628 398 665 nuchi
421 628 574 679 partes?
601 628 654 665 At
692 628 911 677 (audaciam
939 630 1111 668 hominis!
1125 630 1142 678 )
1177 629 1238 667 ille
1259 620 1337 681 fibi·
1363 629 1424 667 vel
1444 629 1580 682 primas

289 687 462 726 vindicat.
488 688 542 724 Tu
558 685 693 738 fiigafli
717 687 920 738 Pompeium
931 703 948 737 ‚-
968 689 1028 726 ille
1055 690 1203 728 occidit:
1226 700 1264 727 tu
1280 689 1476 742 profligasti
1494 702 1578 740 par·

289 758 370 794 tes‚·
392 746 452 784 iile
473 747 615 799 sustulit
635 749 764 786 ducem.
800 750 920 800 Atque
947 748 1083 787 utinam‘
1107 751 1156 800 fit
1177 750 1260 787 unis
1287 750 1411 800 opimis
1439 759 1578 787 conten-

292 809 373 846 tus!
390 808 495 859 felici
516 809 641 860 scelere
663 822 780 847 vecors
800 809 912 855 latro,
932 809 973 846 de
997 820 1059 846 tua
1071 808 1151 861 jam
1170 822 1248 848 nece
1272 809 1388 861 agitat
1401 839 1412 856 ‚
1435 811 1577 860 quando

289 869 485 921 interchor
511 869 667 922 Magni,
700 870 834 907 nullam
859 870 1059 923 ampliorem
1081 870 1241 922 palmam
1267 881 1449 923 appetere,
1476 882 1578 921 quarn

289 924 490 970 trucidandi
519 933 805 987 Caeſstrisfpotest.
832 935 909 971 Nec
923 933 1077 985 fimplici
1096 933 1236 985 stimulo
1262 933 1430 971 incitatur
1450 933 1500 970 ad
1510 930 1577 982 fia-

289 993 404 1030 cinus.
446 993 665 1030 temeritatem
701 1006 811 1031 metus
839 995 965 1032 acuit:
991 995 1084 1044 quod
1109 1004 1215 1043 caput
1248 991 1410 1044 Pompeji
1439 1005 1578 1029 maerens

291 1053 483 1106 aspexisti,
512 1055 604 1106 quod
622 1054 748 1100 millu,
777 1055 926 1106 gemitu,
944 1069 1049 1100 voce,
1074 1054 1232 1092 lacrimis
1256 1054 1396 1101 testatus
1418 1067 1455 1090 es
1480 1052 1581 1089 dolo-

290 1124 389 1159 rem;
414 1118 545 1155 vindex
572 1117 704 1156 timeris
731 1115 904 1164 perfidiae,
930 1112 1031 1164 cujus
1057 1115 1265 1163 approbator
1289 1110 1349 1163 effe
1375 1109 1525 1162 noluisti.

349 1182 540 1222 XXXVI.
571 1184 694 1235 Neque
723 1182 934 1234 longinquos
959 1194 1022 1220 aut
1050 1182 1197 1219 incertos
1223 1192 1329 1220 metus
1363 1179 1478 1232 affero.
1500 1180 1580 1219 Sol.

288 1243 449 1282 licitatus
462 1243 607 1282 Pothini
631 1244 767 1280 nuntiis
783 1243 975 1292 Achillas,
1004 1243 1106 1280 motis
1130 1256 1154 1279 a
1179 1241 1316 1296 Pelusio
1338 1241 1478 1294 castris,
1503 1255 1577 1279 cum

290 1306 454 1344 omnibus
476 1305 587 1355 copiis
607 1305 715 1357 paulo
732 1305 809 1357 post
831 1305 953 1342 aderit.
976 1305 1052 1343 Hic
1071 1318 1119 1343 me
1140 1304 1281 1356 impulit
1300 1315 1424 1350 terror,
1447 1314 1486 1340 ut
1505 1316 1580 1339 ma-

288 1367 438 1405 chinata
460 1369 554 1419 quod
567 1368 685 1415 vides,
708 1369 758 1405 ad
780 1378 811 1404 te
831 1382 889 1419 per
910 1366 1084 1418 quodlibet
1113 1366 1293 1419 discrimen
1314 1376 1493 1417 penetrare
1505 1364 1580 1416 sta-

289 1440 415 1467 tuerem
429 1444 445 1476 ‚·
467 1430 681 1481 ‘conarerque
703 1429 847 1480 salvum
876 1429 1033 1481 praestare
1068 1442 1164 1474 eum,
1189 1428 1263 1479 fine
1290 1441 1357 1479 quo
1385 1425 1494 1479 salva
1519 1425 1578 1476 effi}

291 1492 372 1545 ipfil
398 1493 592 1543 nequibam.
622 1492 737 1544 Igitur
761 1507 832 1530 non
864 1493 965 1529 modo
991 1492 1130 1544 causam
1159 1503 1288 1535 meam,
1306 1490 1372 1542 sed
1390 1489 1494 1527 etiam
1513 1488 1579 1540 fit-

291 1570 384 1594 mam
411 1556 654 1607 perfimamque
676 1556 715 1592 in
749 1566 829 1593 tuas
857 1567 982 1593 manus
1009 1554 1207 1593 contradidi
1229 1567 1240 1590 .·
1264 1553 1298 1591 ὁ·
1321 1566 1412 1590 nunc
1448 1565 1579 1603 quoque

290 1633 362 1657 non
386 1631 456 1656 tam
475 1620 516 1656 de
544 1633 614 1655 meo
633 1617 714 1671 jure
729 1648 741 1666 ,
765 1632 866 1670 quam
894 1620 935 1656 de
947 1619 1067 1672 salute
1091 1630 1174 1665 tua,
1219 1631 1274 1654 um
1293 1615 1493 1669 fiallicitior.
1518 1616 1579 1653 Ita

288 1696 341 1719 me
363 1681 433 1718 Dii
447 1682 600 1732 Deaeque
623 1694 758 1727 omnes,
779 1681 814 1718 δ’
834 1694 935 1731 quam
951 1680 1122 1731 praecipue
1139 1693 1304 1726 veneror,
1325 1692 1429 1716 aurea
1458 1678 1576 1715 Venus

290 1755 383 1782 amet
390 1757 405 1789 ;
433 1755 550 1794 teque,
574 1742 775 1794 progeniem
787 1741 890 1792 suam
904 1772 915 1789 ‚
937 1742 1073 1794 optimae
1091 1741 1291 1779 voluntatis
1318 1739 1512 1792 compleat,
1539 1750 1579 1777 ut

288 1806 446 1843 orbatam
468 1816 587 1853 patre,
609 1803 765 1841 orbatam
779 1802 893 1854 fratre
906 1802 940 1840 6³
959 1803 1057 1851 viro,
1074 1801 1269 1855 poffiffione
1287 1801 1381 1853 regni
1401 1798 1574 1852 dejeffam,

287 1879 510 1913 contemnum,
527 1865 665 1918 pulfizm
677 1895 688 1912 ,
707 1878 941 1918 oppugnatam
961 1880 984 1902 a
994 1863 1169 1916 famulis,
1187 1864 1351 1902 tuendam
1371 1863 1580 1901 ornandam·

292 1941 357 1981 que
375 1929 553 1979 suscipias
568 1929 582 1966 .'

347 1989 557 2029 XXXVII.
588 1988 673 2037 Jam
701 1988 849 2027 dudum
877 1986 1060 2028 Caesarem
1091 1987 1215 2027 forma
1238 1985 1398 2038 puellae,
1425 1986 1580 2027 blandi-

289 2051 430 2100 tiaeque
454 2050 581 2090 vultus
610 2052 644 2090 &
670 2050 873 2089 verborum
892 2082 902 2099 ‚
936 2051 1115 2089 decenter
1145 2050 1373 2099 interpoiitis
1400 2049 1577 2089 lacrimu-

289 2111 338 2151 lis
366 2111 629 2162 suspiriisque,
653 2111 878 2162 perculerat.
914 2113 1080 2162 ideoque
1105 2110 1202 2150 nihil
1219 2125 1298 2151 non
1326 2114 1576 2162 promittens,

289 2174 392 2214 seriis
415 2175 524 2213 rebus
543 2175 750 2214 amantium
780 2176 991 2224 nequitiam
1015 2173 1190 2214 miscuit:
1226 2174 1439 2223 eademque
1463 2176 1577 2214 nodie

291 2250 369 2276 nna
391 2237 557 2275 fuerunt.
586 2237 680 2276 Inde
717 2237 904 2287 plerisque
931 2251 1008 2276 non
1037 2237 1240 2284 eximitur,
1275 2236 1576 2275 Alexandrinum

293 2299 439 2338 bellum
468 2309 598 2347 praeter
626 2300 883 2338 necestitatem
913 2299 1126 2349 susceptum
1153 2297 1227 2336 effe
1250 2311 1270 2336 a
1303 2297 1469 2347 Caesare,
1499 2307 1582 2337 tan-

293 2359 524 2406 tummodo,
558 2368 600 2397 ut
630 2360 846 2398 mercedem
881 2359 1062 2398 adultera:
1088 2372 1247 2409 regnum
1275 2359 1426 2410 IEgypti
1463 2360 1581 2399 daret.

292 2421 389 2460 Orta
414 2419 523 2471 lucc,
549 2419 667 2461 Caesar
689 2421 738 2460 ad
764 2419 800 2459 se
835 2419 1082 2462 Ptolemaeum
1108 2430 1248 2470 vocat,
1277 2422 1311 2462 &
1337 2433 1425 2460 cum
1452 2433 1497 2460 eo
1532 2420 1581 2460 de
