1675 2959
331 130 411 178 IN
449 128 808 177 LOC.L113.
858 129 899 176 C
946 129 1099 176 mv,
1304 146 1356 198 32

80 234 261 277 Marcum
294 236 432 287 reperit
463 249 484 275 a
515 235 556 276 C.
590 233 780 275 Memmio
817 232 992 274 Gemello
1023 233 1177 273 tribuno
1210 233 1360 288 plebis,³

82 307 239 350 propter
262 310 305 338 ea
318 330 328 347 ,
349 311 430 349 quae
448 298 562 338 Sullae
579 296 678 348 Juffu
694 296 853 347 quaestor
869 296 1047 347 gefferat,
1065 295 1241 336 accusari.
1257 298 1365 338 Mul-

83 360 113 398 ti
140 359 242 399 enim
263 369 345 399 tum
367 361 407 398 in
437 361 652 408 judicium,
684 358 734 397 ob
761 357 914 397 illorum
948 366 1166 408 temporum
1196 359 1381 409 defleta..

82 421 330 461 vocabantur.
362 422 438 462 Sed
462 421 526 460 ille
546 421 701 471 quidem
725 418 919 471 absolutus
940 420 1002 458 est.
1034 427 1092 466 at,
1108 418 1210 459 fausto
1237 420 1276 458 in
1293 422 1367 461 Ln-=

85 481 189 522 cium
222 485 370 534 impetu
392 515 404 533 ‚
436 484 647 524 Memmius
691 474 780 536 cum
813 480 961 532 populo
996 481 1118 531 coepit
1157 493 1293 531 agere,
1328 494 1368 521 ut

83 547 295 598 triumphum
315 547 345 586 ei
365 559 525 601 negaret:
549 546 657 584 multa
681 544 778 583 illum
801 543 1042 595 intervertff‘,
1059 544 1094 581 δ’
1116 543 1264 592 bellum,
1289 558 1366 583 cum

77 606 186 658 finire
208 607 339 660 poffet‚
367 608 458 647 ultro
479 606 614 657 duxiffiz
636 616 806 655 arguens.
832 603 972 643 Contra
988 602 1193 652 Lucullus,
1215 605 1365 644 ratione

85 667 274 717 gestorum
304 669 479 716 reddita,
502 678 633 707 contra
664 667 853 705 invidiam
881 665 1023 704 meritis
1048 666 1270 716 pugnabat:
1296 679 1367 706 ne·

85 742 159 779 que
185 743 230 768 eo
253 730 377 769 minus
405 730 581 780 Pompeji
608 728 784 779 potentia
807 734 910 766 tanta
931 727 1025 775 fuit,
1056 736 1100 765 ut
1124 740 1191 777 per
1213 727 1365 768 venales

84 788 262 829 homines
279 821 290 839 ‚
324 792 423 830 tanti
449 791 518 831 viri
543 788 763 840 justiffimus
794 787 1009 839 triumphus
1037 789 1078 828 in
1101 797 1228 829 totum
1252 791 1367 830 trien-

84 853 195 892 nium
218 853 441 892 differretur.
476 870 479 876 v

132 971 154 1016 §
184 971 329 1005 XXVII.
360 972 450 1006 Plut.
484 972 518 1004 in
550 972 684 1004 Lucull.
709 983 739 1004 c.
762 981 816 1012 77.
842 971 968 1005 Ascon.
997 971 1033 1006 in
1056 981 1127 1019 tog.
1153 974 1249 1009 cand,
1275 972 1369 1011 th

90 1015 169 1051 Nic.
195 1015 393 1051 Damascen.
419 1028 475 1061 ap.
501 1016 628 1062 Athen.
653 1014 784 1050 Sallust.
812 1015 953 1052 Catilin.
