1675 2959
335 12 349 35 k

342 167 422 215 1N
463 166 633 215 [ος.
674 165 812 210 Lrss.
856 162 938 208 cn
976 162 1115 208 [ιν.
1330 177 1390 223 73

107 290 223 328 quam
249 276 289 317 in
302 275 478 316 altiffima
501 285 623 324 pace,
645 270 835 312 obeuntes
850 300 862 318 ,
879 281 1004 319 neque
1024 267 1168 307 strictos
1192 265 1234 305 in
1256 264 1294 304 se
1317 264 1398 316 gla-=

107 341 216 390 dios,
246 351 371 389 neque
398 333 743 386 acceptavulnera
768 331 1046 383 pavescebant:
1078 327 1268 379 multique
1297 327 1398 365 inter

104 402 188 453 ipsa
219 401 321 441 sacra
346 399 434 440 sunt
464 397 669 452 interfecti.
707 403 923 435 ceterorum
954 403 1109 443 quoque
1134 389 1282 432 varium
1317 389 1404 427 exi-2

107 467 208 506 tium
238 465 337 504 fuit:
370 461 485 502 multi
517 460 564 502 ab
601 460 734 506 hoste,
762 456 877 498 multi
912 469 934 497 a
970 454 1119 493 civibus
1154 451 1405 493 discordibus

109 527 210 575 caefi,
233 538 370 576 magna
391 537 477 575 pars
500 521 723 572 semetipsos
745 520 1034 571 praecipitarunt
1055 517 1095 555 in
1121 515 1294 566 abrupta.
1316 514 1402 564 qui-

111 590 202 629 dam
227 590 345 628 etiam
376 587 547 625 furentes
573 584 794 624 calamitate
825 582 1033 630 conjuncta
1064 575 1213 628 templo
1242 575 1406 617 aedificia

113 658 359 696 cremarunt,
384 648 497 698 seque
521 646 623 697 ipsos
651 646 869 694 injecerunt
889 640 1056 692 ignibus.
1082 639 1141 679 Ad
1168 636 1288 676 millia
1311 637 1410 675 duo-

113 713 243 754 decim
272 709 421 762 periiffe
448 709 647 748 dicuntur:
675 707 726 745 de
749 705 936 746 Romanis
961 701 1113 752 oppido
1132 699 1272 750 pauci:
1300 710 1409 737 com-

113 774 242 827 plures
268 782 401 813 tamen
427 770 516 810 sunt
534 767 735 811 vulnerati.
763 766 809 806 In
828 779 873 804 ea
900 763 1119 807 calamitate
1140 760 1284 813 Judaeis
1311 757 1410 802 nihil

113 835 292 875 acerbius
320 833 416 881 fuit,
441 844 557 882 quarn
586 829 691 880 quod
715 825 902 866 inviolata
927 824 975 863 ad
1002 837 1088 862 eam
1113 823 1220 861 diem
1243 821 1325 861 fani
1355 833 1414 859 ar-

116 910 243 945 cana,
277 894 425 945 solique
461 892 625 944 principi
659 888 927 934 sacerdotum,
963 897 1035 923 nec
1064 884 1131 923 nifi
1158 882 1276 923 semel
1303 890 1416 933 quot-2

117 959 252 1004 annis,
278 954 520 1006 aspicienda,
540 951 713 1001 profanis
737 947 963 986 hominibus
981 952 1200 996 patuerunt,

174 1017 311 1059 LXVI.
339 1015 415 1056 Sed
440 1013 632 1065 praecipue
658 1009 844 1050 Romanis
872 1007 1120 1047 admirationi
1141 1007 1217 1045 fuit
1238 1005 1344 1045 nulla
1361 1006 1421 1044 int¹

116 1089 182 1129 tus
201 1080 372 1120 Deorum
398 1075 524 1126 effigie
548 1086 667 1114 vacua
694 1072 827 1120 sedes,
851 1083 941 1109 cum
965 1069 1210 1108 fimulacrum
1233 1068 1418 1118 aliquod,

118 1155 203 1182 rem
233 1139 411 1192 gentibus
447 1135 628 1176 omnibus
658 1134 765 1174 velut
806 1131 990 1174 consensu
1018 1139 1237 1182 receptam,
1274 1141 1420 1180 quaeree

117 1213 216 1246 rent.
258 1202 352 1243 Inde
383 1199 589 1251 multiplex
616 1199 665 1238 de
695 1196 872 1247 ,Iudaicis
908 1194 1159 1246 religionibus
1186 1193 1422 1245 opinionum

121 1280 225 1307 error
248 1266 353 1316 apud
375 1273 506 1316 gentes
526 1262 687 1302 inolevit
702 1290 714 1309 ⁷
728 1269 810 1299 tam
834 1258 1102 1310 pertinaciter,
1118 1266 1161 1297 ut
1183 1258 1297 1296 etiam
1313 1287 1324 1305 ,
1341 1255 1424 1295 vul-

125 1330 223 1381 gatis
251 1341 320 1378 per
343 1326 643 1367 Christianorum
668 1325 905 1362 incrementa
927 1321 1152 1371 Judaeorum
1176 1319 1312 1366 sacris,
1339 1318 1424 1358 Plu-

124 1388 302 1436 tarchus,
329 1396 407 1427 tam
435 1386 597 1437 diligens
626 1383 886 1427 abstrusorum
913 1382 1199 1433 inquisitor-,in
1223 1379 1427 1420 clarissima

130 1453 221 1499 luce
244 1453 466 1500 caecutiret,
488 1451 647 1489 Liberum
668 1449 811 1488 Patrem
840 1463 864 1485 a
892 1447 1029 1492 Judaeis
1057 1447 1127 1485 coli
1159 1444 1291 1484 multis
1319 1456 1431 1494 argu-

129 1516 273 1555 mentis
304 1513 535 1565 ineptissime
565 1511 772 1563 disputans.
808 1510 979 1550 Absurda
1011 1507 1201 1559 persuasio
1230 1508 1322 1546 inde
1348 1507 1431 1557 pri„

130 1590 241 1617 mum
265 1585 370 1625 orta,
398 1576 503 1626 quod
533 1574 747 1614 sacerdotes
773 1572 898 1621 Judaei
919 1570 1015 1610 tibia
1042 1568 1312 1621 tympanisque
1332 1581 1428 1607 con-2,

132 1638 343 1687 cinebant,
379 1636 598 1687 hederaque
625 1633 917 1675 vinciebantur:
947 1634 984 1672 ὃ(
1019 1640 1110 1671 ante
1135 1630 1292 1679 omnia,
1320 1627 1430 1680 quod

129 1709 283 1751 xeperta
313 1699 356 1738 in
383 1696 541 1748 templo
563 1696 651 1736 vitis
679 1708 792 1735 aurea
814 1692 956 1733 fuisset.

189 1762 347 1802 LXVII.
385 1759 693 1801 Pulcherrimum
724 1758 766 1799 id
797 1769 922 1808 opus,
955 1754 1172 1806 quingentis
1202 1752 1432 1793 aesthnatum

135 1823 291 1867 talentis
306 1854 319 1871 ‚
347 1823 422 1862 five
446 1820 649 1862 Aristobuli
677 1820 850 1866 donum,
878 1819 952 1858 five
976 1818 1059 1858 suas
1082 1831 1104 1856 e
1128 1815 1274 1867 templo
1296 1827 1433 1853 manu-

137 1885 221 1926 bias
246 1885 411 1924 Romam
434 1884 663 1934 deportante
680 1883 890 1932 Pompejo,
915 1881 1045 1932 postea
1073 1877 1344 1931 inCapitolini
1362 1877 1434 1924 Jo-

138 1948 199 1988 vis
223 1947 315 1986 fano
340 1946 468 1993 stetit,
500 1944 708 1985 Alexandri
738 1955 884 1983 nomen
910 1942 1135 1992 inscriptum
1161 1940 1307 1980 habens
1323 1969 1334 1987 ,
1364 1938 1445 1986 Juus

143 2009 318 2050 daeorum
354 2008 464 2058 regis.
505 2007 552 2046 In
586 2004 735 2056 templo
774 2011 910 2055 praeter
947 1999 1224 2042 candelabrum
1261 2000 1435 2050 infigne,

141 2071 392 2121 mensamque
416 2073 452 2110 δε
474 2070 559 2110 vasa
585 2082 723 2118 aurea,
754 2080 895 2119 magna
921 2066 976 2108 vis
997 2066 1162 2105 odorum
1185 2075 1357 2115 reperta,
1381 2062 1440 2101 sa-

140 2147 291 2184 craeque
319 2133 490 2184 pecuniae
519 2132 569 2171 ad
596 2132 674 2171 duo
700 2130 820 2171 millia
842 2128 1045 2170 talentum.
1094 2127 1234 2179 quibus
1257 2125 1441 2166 omnibus

143 2197 328 2238 abstinuit
356 2197 587 2246 Pompejus:
621 2194 816 2244 alteroque
844 2193 927 2244 post
948 2200 1105 2242 captum
1136 2189 1326 2239 templum
1350 2187 1440 2234 die,¹

146 2260 345 2312 repurgari
373 2259 506 2299 locum
537 2259 584 2299 ab
623 2259 798 2308 aedituis,
835 2257 1028 2308 solitoque
1059 2256 1135 2296 ritu
1166 2251 1359 2293 instaurari
1384 2249 1443 2289 sa=

199 2377 222 2419 ς
245 2377 350 2410 LXV.
375 2379 523 2422 Appian.
551 2377 690 2421 Joseph.
726 2377 817 2411 Plut.
848 2378 886 2410 in
909 2376 1028 2418 Pomp.
1052 2388 1081 2409 c.
1106 2374 1161 2406 66.
1192 2373 1213 2414 ς
1244 2370 1361 2403 LXVI.
1381 2368 1445 2401 Joffi

150 2420 530 2512 {ffpssiozlggffigfflpm
561 2423 706 2463 Muraen.
746 2435 775 2456 c.
803 2422 855 2457 16.
887 2421 1066 2465 Hegesipp.
1100 2431 1110 2451 1
1130 2444 1140 2459 2
1172 2417 1223 2450 16,
1260 2413 1364 2452 Oxos.
1398 2414 1448 2457 (ις
