1675 2959
275 122 360 171 ιΝ
406 120 899 177 Loc.L113.civ
949 119 1100 167 mv,
1244 122 1363 179 >169

74 232 140 285 plo
164 230 324 271 Castoris
350 230 516 271 accidit:
544 230 653 278 cujus
679 235 807 267 tamen
836 226 1052 277 periculum
1083 225 1281 265 contrariae
1306 227 1363 267 fa—

74 295 212 334 &ionis
234 292 389 332 tribuno
415 291 598 340 QuinCtio
624 289 911 341 ,propemodum
935 288 1140 328 exitiosum
1163 288 1248 327 fuit.
1271 300 1365 328 nam

77 354 256 394 Clodiani
292 352 428 391 furoris
458 348 665 397 satellites,
701 350 803 400 quod
839 349 1010 388 occisum
1044 362 1066 388 a
1098 348 1136 387 se
1164 347 1365 389 tribunum

71 415 282 466 putabant,
307 414 438 461 hunc,
465 412 556 453 licet
582 412 734 451 suarum
754 411 943 462 partium,
965 411 1013 450 ad
1036 423 1171 450 necem
1192 411 1368 460 quaefive-

70 484 183 523 runt,
217 471 265 514 ut
285 474 414 514 fimilis
438 473 634 526 facinoris,
654 472 866 523 suspicione
895 473 1127 513 adversarios
1153 480 1368 515 onerarent,

69 549 143 576 nec
171 546 260 576 ante
299 536 366 576 hle
402 537 539 576 timere
565 542 731 575 mortem
766 535 899 585 desiit,
930 548 1047 586 quam
1077 534 1258 574 rescitum
1285 533 1367 582 est,

70 599 245 643 Sextium
274 600 413 639 vivere.
594 599 596 601 ’

125 662 282 702 XLVII.
317 661 615 702 Studiofiffimus
649 661 845 701 Ciceronis
875 659 939 701 hic
974 661 1127 701 Sextius
1154 667 1262 707 erat,
1299 657 1367 710 qui

73 725 110 764 ἃ
135 724 372 775 defignatus‚
403 726 475 764 iter
505 723 667 774 suscepit
690 723 740 763 ad
772 722 981 771 Caesarem,
1010 731 1054 762 ut
1075 722 1186 762 illum
1207 722 1370 761 induce-

70 794 128 826 ret
155 786 204 824 ad
227 785 407 835 causam,
445 794 510 824 aut
540 784 674 825 saltem
706 797 727 824 a
752 784 950 825 voluntate
977 785 1168 826 refistendi
1199 784 1369 824 abduce-

70 856 154 888 ret:
193 850 229 888 δε
257 849 353 887 inito
385 848 628 899 magistratu,
654 846 898 897 rogationem
926 846 1099 896 scripsit,
1129 848 1165 886 δε
1192 845 1266 885 suis
1294 857 1370 884 co-

69 910 165 960 piis,
193 910 403 958 clientelis,
430 911 515 949 vitae
536 910 651 948 etiam
676 908 850 958 periculo
873 909 1043 947 amicum
1067 906 1368 947 constantissime

69 974 183 1023 juvit.
225 973 475 1013 Praeminebat
506 981 637 1012 tamen
664 972 710 1011 T.
742 971 857 1010 Annii
885 970 1045 1011 Milonis
1072 971 1271 1018 studium,
1303 968 1370 1019 qui

71 1035 257 1076 Clodium
283 1035 411 1075 modis
439 1035 621 1077 omnibus
646 1033 832 1073 acerrime
860 1041 1043 1073 vexatum
1060 1063 1072 1081 ,
1105 1033 1296 1084 postremo
1317 1032 1373 1070 le-

70 1111 119 1153 ge
146 1097 268 1139 Plotia
303 1099 352 1137 de
393 1098 430 1137 vi
459 1110 567 1136 reum
597 1096 702 1136 feeit.
732 1097 811 1136 Sed
843 1095 990 1135 elusum
1022 1095 1063 1134 id
1090 1094 1281 1144 judicium
1315 1092 1369 1132 est

68 1159 203 1198 ediffls
230 1159 541 1210 magistratuum,
565 1158 631 1208 qui
659 1157 798 1198 Clodio
824 1157 1019 1198 favebant.
1055 1155 1198 1197 Consul
1224 1156 1370 1196 Metel-

69 1219 156 1269 lus,
184 1221 361 1260 nondum
393 1220 479 1260 satis
505 1219 682 1271 placatus
710 1219 914 1266 Ciceroni,
942 1219 992 1259 ad
1021 1217 1104 1258 haec
1128 1219 1370 1269 propinquus

71 1281 237 1331 Clodio,
283 1282 455 1332 itemque
483 1281 601 1321 frater
628 1281 775 1331 Appius
804 1290 968 1331 praetor‚
998 1281 1172 1330 unusque
1206 1281 1254 1319 de
1290 1279 1373 1319 col-

69 1342 172 1395 legio
197 1344 458 1392 tribunorum,
477 1343 661 1384 vetabant
674 1343 892 1396 judiciorum
906 1344 988 1395 fieri
1010 1344 1235 1391 mentionem,
1256 1342 1372 1395 prius:

69 1421 173 1459 quam
193 1408 372 1461 quaestores
393 1418 613 1454 crearentur,
647 1407 747 1459 apud
766 1420 853 1459 quos
871 1405 1090 1459 finitionem
1106 1404 1269 1458 judicum
1282 1403 1368 1455 fieri

69 1470 262 1521 oportebat.

77 1572 82 1575 ,
125 1529 302 1571 XLVIII.
333 1532 422 1572 Hoc
444 1532 533 1571 ideo
557 1531 696 1580 fiebat,
727 1538 770 1570 ut
794 1531 892 1569 inter
926 1527 1027 1570 hanc
1057 1541 1205 1567 moram
1234 1535 1367 1578 petere

71 1590 232 1632 Clodius
256 1593 480 1634 aedilitatem
508 1594 649 1645 posset,
689 1595 725 1633 ἃ
753 1592 1013 1643 magistratum
1046 1591 1233 1641 adeptus,
1262 1590 1369 1640 quod

69 1654 291 1694 factitatum
312 1656 360 1695 ab
387 1656 470 1696 aliis
494 1657 638 1704 fuerat,
659 1655 848 1705 judicium
878 1652 1074 1704 effugeret.
1106 1652 1225 1703 Igitur
1240 1651 1368 1699 Milo,

70 1715 218 1768 sublata
244 1717 389 1766 judicia
418 1730 600 1767 cernens,
633 1720 669 1758 δε
694 1717 921 1757 ειυξὶοῑίῑῑιῑε
945 1716 1094 1755 senatus
1120 1713 1367 1755 accusatione

70 1776 109 1816 se
142 1776 366 1827 prohiberi,
400 1781 522 1830 coepit
549 1782 585 1820 δε
618 1778 698 1830 ipse
730 1778 986 1829 gladiatores,
1020 1776 1213 1827 aliamque
1235 1775 1366 1815 secum

71 1839 318 1880 sentientium
339 1842 491 1882 turbam
508 1874 519 1889 ,
543 1841 844 1895 circumducere.
857 1842 961 1881 unde
984 1840 1218 1892 quotidianae
1231 1853 1368 1890 prope-

71 1903 234 1943 modum
267 1904 368 1942 inter
398 1903 584 1944 factiones
620 1917 784 1954 pugnae,
815 1902 1014 1953 caedesque
1051 1910 1132 1942 tota
1162 1901 1259 1941 urbe
1289 1901 1366 1940 fie-

70 1963 178 2005 bant.
220 1964 368 2004 Domus
393 1965 509 2005 etiam
531 1966 572 2005 L.
602 1964 747 2006 Caecilii
769 1966 940 2015 praetoris
956 1995 968 2013 ,
1004 1966 1041 2005 &
1064 1964 1192 2015 postea
1223 1964 1364 2003 domus

70 2025 232 2066 Milonis
261 2034 374 2076 atque
403 2027 598 2067 Ciceronis
623 2040 646 2066 a
677 2026 872 2067 Clodianis
906 2026 992 2066 sunt
1020 2032 1261 2076 oppugnatae.
1298 2024 1362 2064 In-

67 2095 126 2127 ter
151 2087 218 2126 has
244 2088 482 2127 inflammata
510 2089 560 2138 Q
587 2089 795 2129 Ciceronis.
839 2089 938 2130 Cum
966 2087 1119 2129 Milone
1146 2087 1358 2137 Pompejus

69 2148 278 2197 sentiebat,
309 2150 483 2199 adeoque
499 2150 563 2201 spe
583 2149 785 2202 consulatus
807 2151 970 2203 excitaffe
998 2150 1098 2188 illum
1121 2148 1359 2200 putabatur,

71 2220 111 2246 ut
129 2212 317 2250 reducendo
345 2211 502 2252 Cicerone
522 2212 565 2249 de
593 2210 715 2253 clodio
733 2214 775 2266 fi‘
796 2213 1002 2251 vindicaret.

115 2337 138 2382 §
163 2339 285 2372 XLVI.
311 2339 383 2375 Cic.
412 2342 452 2375 de
475 2342 612 2386 harusp.
640 2342 727 2385 resp.
747 2355 776 2375 c.
804 2354 859 2383 24.
885 2343 1031 2376 Diodor.
1065 2344 1086 2385 ς
1114 2342 1254 2374 XLVII.
1281 2342 1358 2375 Cic.

71 2401 135 2433 pro
154 2391 230 2424 Mil.
248 2403 277 2426 c.
296 2404 333 2433 4,
357 2394 391 2426 ὅ(
410 2407 472 2437 pro
496 2395 583 2429 Coel.
609 2408 638 2428 c.
663 2407 718 2440 32.
741 2397 890 2441 Appian.
917 2397 1016 2430 civil.
1042 2397 1066 2429 1,
1090 2405 1121 2429 2.
1148 2395 1171 2440 5
1200 2395 1357 2430 XLVIII.

73 2442 163 2480 Piuz.
189 2445 222 2479 in
245 2446 360 2490 Pomp.
382 2460 412 2482 c.
430 2448 483 2484 δι.
510 2450 636 2494 Velle-j,
664 2462 682 2483 2
697 2476 706 2492 ,
730 2461 789 2492 40,
