1675 2959
252 148 307 198 52
410 136 502 184 ῘΟ.
538 134 1442 186 FRE1NSHEM115UPPLEM.

241 256 325 285 rem
352 242 533 292 Dejotaro
563 242 728 291 Galatae‚
768 245 879 293 cujus
909 245 1090 284 maximis
1119 245 1270 285 auxiliis
1309 254 1390 286 erat
1417 244 1536 291 ususj
1606 292 1609 293 ⁷

242 318 436 356 quemque
463 318 508 344 ex
541 306 672 343 animo
697 305 892 353 amicum,
925 318 1088 357 vereque
1124 305 1357 347 benevolum
1385 306 1532 358 populo

242 367 421 408 Romano
441 366 663 416 judicabat,
695 365 799 404 dono
833 366 954 407 dedit.

295 430 400 471 VIII.
434 428 739 479 Paphlagoniam
770 427 899 467 Attalo
923 429 959 467 &
987 427 1194 478 Pylaemeni
1231 428 1434 476 reddidit,
1462 441 1536 467 un-

240 494 292 535 de
318 493 564 534 Mithridates
596 504 661 530 eos
690 489 914 541 expulerat:
945 489 1104 529 Colchis
1127 489 1383 529 Aristarchum
1403 503 1536 541 regem

241 557 364 597 dedit.
399 554 582 595 Comanis
609 552 777 592 Ponticis
803 551 1042 591 sacerdotem
1070 551 1242 602 praefecit
1271 551 1533 600 Archelaum,

238 618 439 666 Archelai,
455 629 571 667 quem
591 614 696 656 Sulla
715 615 880 661 vicerat,
903 614 1049 662 filiumz,
1071 615 1175 664 quod
1198 613 1457 653 sacerdotium
1477 626 1537 653 re-

240 682 320 732 gias
344 693 453 732 paene
480 692 573 729 opes
597 689 642 717 ac
668 677 897 727 dignitatem
918 676 1098 716 habebat.
1118 676 1277 717 Bellona
1297 676 1363 715 hic
1385 678 1421 716 ἅ
1436 677 1536 728 Cap.

237 745 413 795 padociae
443 741 626 782 Comanis
662 739 885 779 colebatur:
926 738 1083 789 paribus
1116 738 1322 789 utrobique
1353 739 1533 789 legibus,

241 808 279 846 &
303 805 514 845 antistitum
540 802 752 854 opulentia.
782 802 991 851 Pompejus
1018 800 1205 840 Archelao
1228 811 1365 852 praeter
1393 813 1531 852 agrum

238 870 453 920 antiquitus
475 868 642 916 sacrum,
661 868 759 906 duos
775 866 922 914 adjecit
942 865 982 902 in
1002 864 1137 904 orbem
1160 863 1363 913 schoenos,
1391 866 1430 904 id
1454 865 1531 914 est,

236 933 412 985 passuum
438 931 587 982 septem
616 929 739 969 millia
761 936 966 968 trecentos.
996 927 1067 968 His
1093 927 1306 972 confectis,
1333 941 1402 978 per
1432 928 1533 979 Cap-

235 994 442 1045 padociam
473 993 513 1031 in
546 991 693 1043 Syriam
731 990 878 1037 movit,
907 1001 1019 1037 cum,
1050 988 1206 1027 domitis
1236 1000 1303 1037 per
1326 989 1530 1029 Afranium

233 1052 423 1093 Arabibus
447 1052 585 1091 Amani
615 1048 758 1088 accolis
774 1047 913 1095 ,rviam
941 1049 1006 1085 fibi
1032 1047 1280 1094 patefecisset.

288 1114 361 1154 IX.
392 1114 438 1154 In
463 1112 599 1151 itinere
628 1124 719 1150 cum
743 1117 878 1160 praeter
899 1105 1032 1147 Zelam
1062 1107 1245 1157 duceret,
1273 1109 1340 1149 ubi
1361 1108 1530 1158 reliquiae

233 1177 445 1219 Triarianae
472 1176 592 1214 cladis
614 1173 812 1221 insepultae
838 1169 1020 1217 jacebant
1039 1199 1050 1217 ‚
1083 1168 1279 1208 tumulum
1306 1172 1351 1207 iis
1374 1171 1528 1218 struxit,

235 1240 273 1278 δ’(
302 1235 481 1287 persolvit
510 1243 679 1273 extrema
699 1231 942 1282 magnifice:
969 1231 1071 1282 quod
1095 1230 1314 1281 neglectum
1342 1245 1363 1270 a
1390 1231 1529 1272 Lucul-

231 1297 300 1347 lo,
332 1298 466 1337 sauciis
485 1305 597 1336 antea
616 1294 784 1334 militum
816 1294 980 1341 animis,
1009 1293 1114 1332 haud
1141 1294 1348 1332 mediocris
1375 1294 1423 1332 ad
1450 1295 1529 1344 pri-

230 1362 326 1402 stiria
355 1362 447 1400 odia
475 1357 652 1398 cumulus
681 1357 896 1397 accesserat.
929 1356 1031 1396 Dum
1057 1369 1146 1395 eum
1173 1356 1221 1395 ad
1238 1356 1400 1395 modum
1419 1357 1530 1396 Pom·

230 1426 343 1476 pejus
390 1425 629 1463 incrementa
670 1420 801 1472 gloriae
840 1421 1100 1471 potentiaeque
1141 1417 1244 1458 bello
1283 1419 1441 1469 quaerit,
1481 1418 1525 1458 C.

231 1486 356 1528 Caesar
391 1485 567 1525 civilibus
613 1483 756 1523 artibus
782 1482 830 1521 ad
862 1492 956 1531 opes
982 1479 1185 1519 vastissimo
1221 1480 1352 1518 animo
1381 1491 1525 1517 concu-

230 1549 437 1600 piscendas
471 1547 616 1585 struens
653 1545 829 1591 aditum,
871 1542 1074 1593 splendida
1117 1542 1300 1582 aedilitate
1339 1543 1528 1593 fungeba-

229 1618 305 1650 tur.
338 1610 438 1650 Nam
472 1607 659 1647 Romanis
683 1605 1038 1656 Mcgalenfibusque
1071 1604 1196 1652 ludis,
1236 1614 1370 1655 praeter
1400 1604 1526 1643 comi-

230 1671 329 1710 tium
356 1683 401 1709 ac
420 1669 549 1709 forum
577 1667 842 1718 basilicasque,
875 1667 988 1706 etiam
1013 1667 1247 1717 Capitolium
1280 1667 1525 1718 temporariis

231 1735 447 1786 porticibus
471 1742 696 1778 ornaverat,
725 1732 764 1769 in
790 1731 953 1782 quibus,
985 1731 1209 1769 abundante
1237 1743 1361 1780 terrun
1382 1731 1493 1781 copia
1509 1761 1524 1780 ‚

231 1810 320 1849 pars
344 1804 547 1847 apparatus
569 1794 774 1845 spectanda
803 1802 1095 1844 proponeretur.

303 1860 354 1901 X.
381 1859 615 1898 Venationes
642 1866 770 1897 autem
803 1855 989 1906 ludosque
1019 1857 1053 1894 Sc
1082 1867 1172 1894 cum
1201 1854 1346 1906 collega
1372 1855 1428 1896 Μ.
1455 1855 1525 1895 Bi&

230 1922 354 1970 bulo,
392 1924 429 1962 &
461 1921 664 1971 separatim
698 1920 846 1960 edidit:
879 1932 954 1969 quo
983 1919 1153 1966 factum,
1183 1919 1521 1958 iit-communium

207 1983 387 2036 'quoque
414 1997 557 2022 nomen
587 1985 621 2023 8:
650 1985 768 2034 gratia
800 1974 922 2032 'penes
952 1994 1041 2020 eum
1073 1979 1196 2019 solum
1228 1979 1344 2029 ess'et3
1377 1990 1418 2018 ut
1442 1996 1522 2018 eve-

230 2046 315 2097 niffe
334 2046 404 2096 fibi
436 2044 624 2092 Bibulus,
659 2046 753 2098 quod
780 2043 947 2089 Polluci,
980 2042 1146 2081 diceret:
1182 2053 1220 2079 ut
1252 2041 1340 2078 enim
1370 2042 1520 2094 geminis

229 2109 270 2146 in
298 2108 381 2159 foro
405 2111 494 2146 aedes
516 2110 652 2159 posita,
687 2120 824 2145 tantum
854 2106 1004 2158 Castoris
1033 2106 1216 2152 diceretur,
1249 2103 1301 2141 ita
1343 2118 1423 2141 uam
1449 2105 1520 2143 Cae-

223 2170 384 2224 fizrifiyue
408 2170 681 2219 munificentiam
696 2198 706 2211 ,
741 2169 848 2205 unius
870 2168 1012 2219 Caeſszris
1036 2167 1118 2204 dici.

287 2230 359 2272 XI.
388 2230 540 2280 Adjecit
569 2229 722 2280 insuper
745 2231 780 2269 &
811 2229 1081 2281 gladiatorium
1103 2239 1244 2266 munus
1273 2224 1420 2274 Caesar,
1449 2238 1514 2276 pa-

280 2361 302 2404 ξ
328 2362 406 2394 Vll.
435 2362 580 2403 Appian.
606 2362 712 2393 strab.
736 2361 758 2392 l.
785 2371 836 2392 η.
855 2359 944 2392 Hirr.
968 2360 1008 2392 de
1026 2361 1060 2392 8.
1082 2360 1120 2391 A.
1143 2371 1172 2391 c.
1196 2359 1249 2390 66.
1272 2358 1292 2401 §
1316 2357 1408 2389 VIII.
1428 2356 1518 2390 plut.

237 2405 381 2440 Diodor.
412 2409 551 2439 sueton.
581 2407 613 2437 in
648 2404 730 2437 Cres.
760 2416 788 2444 c,
819 2415 871 2436 10.
895 2404 1166 2446 §1X D‘10d0n
1191 2405 1333 2437 Sueten.
1358 2401 1447 2436 Plut.
1477 2401 1516 2435 in

236 2452 321 2484 caes.
346 2464 377 2485 c.
400 2463 448 2485 ιο.
471 2452 491 2497 §
517 2452 558 2484 X.
585 2451 673 2484 Plut.
690 2450 835 2483 Diodor.
854 2450 998 2482 Sueton.
