1675 2959
309 125 386 171 1N
426 122 754 170 LOC.L113.
795 123 883 170 CX
930 125 1066 173 LIV.
1284 144 1376 190 327

93 229 226 270 amicis
250 231 465 272 civitatibus
480 261 491 280 ‚
508 243 592 281 quae
614 238 714 269 trans
735 230 894 270 flumina
917 237 1024 270 erant
1052 231 1204 281 positae,
1231 245 1303 271 nec
1329 233 1379 273 ab

92 293 138 332 iis
157 292 401 332 comitatibus
421 322 432 341 ,
468 293 533 342 qui
565 292 765 342 permagni
799 305 844 331 ex
881 290 1003 332 Gallia
1028 291 1213 342 Italiaque
1246 295 1379 332 venie-

95 354 212 403 bant,
236 354 330 394 adiri
350 362 523 404 poterat:
547 356 582 394 &
609 354 674 404 qui
703 353 854 405 longius
876 362 984 400 erant
1002 353 1223 404 pabulatum
1254 354 1377 405 egres-

91 415 140 463 fi,
162 428 208 453 ne
234 415 282 454 ad
313 414 429 453 castra
455 423 754 464 reverterentur,
780 416 1046 467 magnitudine
1070 413 1276 456 fluminum
1310 429 1375 457 ex-

89 474 354 516 cludebantur.
876 506 881 512 ·

142 538 266 579 XVI—I.
288 539 342 580 Ex
361 539 543 590 proximis
564 546 694 579 autem
714 538 810 578 Iocis
833 539 1069 580 frumentum
1091 540 1186 580 olim
1203 540 1252 580 ab
1270 540 1376 581 Afra-

86 599 210 638 nianis
233 610 520 652 comportatum
546 601 711 641 Ilerdam
731 602 876 650 fuerat3
906 602 1095 652 reliquum
1113 602 1368 653 superioribus

88 660 222 700 diebus
251 664 373 712 copiae
398 662 549 702 Caesaris
574 662 841 705 absumserant.
865 665 912 703 At
935 663 1105 704 hostibus
1131 666 1373 706 frumentum

85 732 175 762 ante
201 723 395 773 provisum
426 734 505 763 erat
520 737 533 764 :,
566 723 694 763 adhuc
728 725 904 775 quotidie
941 726 1119 776 undique
1154 736 1373 778 comporta-

86 783 224 825 batur.-
261 796 417 836 eratque
455 786 587 837 pabuli
624 789 658 827 ἃ
698 800 824 826 rerum
857 789 1030 827 omnium
1066 802 1205 840 magna
1234 792 1346 841 copia
1359 819 1379 838 ,.

84 858 173 885 cum
212 857 347 897 ponte-
367 848 480 887 saxeo
513 848 560 887 ad
598 847 629 888 ΙΙ
673 849 763 888 dam
798 850 928 889 secure
953 858 1178 900 uterentur,
1221 854 1256 892 δε
1282 851 1373 892 loca.

85 916 187 948 trans
212 911 356 949 flumen
384 911 532 961 integra
550 941 561 960 ,
585 924 660 961 quo
682 912 892 961 pervenire
924 911 1046 951 Caesar
1082 925 1160 951 non
1192 920 1369 963 poterat,

83 971 160 1010 fine
186 972 358 1022 periculo
386 972 574 1012 haberent
600 974 637 1011 in
657 974 850 1023 potestate.
878 973 1033 1015 Idcirco
1058 975 1204 1025 magnis
1226 975 1266 1014 in
1296 975 1371 1014 dif-

79 1031 313 1077 ficultatibus
338 1033 458 1074 Caesar
480 1044 582 1084 erat,
605 1035 820 1086 multosque
850 1035 1053 1076 amittebat
1075 1038 1269 1087 quotidie,
1303 1037 1376 1087 qui

78 1093 289 1144 pabulandi
321 1095 633 1137 frumentandive
659 1096 768 1136 causa
794 1096 998 1147 progreffi,
1027 1096 1075 1137 ab
1105 1098 1280 1148 Hispanis
1310 1098 1367 1137 fa-

80 1156 153 1196 cile
179 1158 480 1209 excipiebantur.
512 1160 675 1211 Hispani
697 1161 822 1209 enim,
848 1162 936 1211 quia
957 1161 1033 1200 fine
1052 1161 1201 1201 utribus
1223 1162 1260 1201 in
1286 1161 1370 1201 bel*

77 1220 157 1261 lum
180 1221 234 1261 ire
257 1235 336 1261 non
361 1223 655 1272 consueverant,
680 1225 722 1264 in
747 1224 818 1263 hos
838 1225 1059 1264 vestimenta
1081 1225 1370 1274 conjiciebant,

74 1283 143 1333 ipsi
167 1285 277 1324 cetris
301 1284 498 1335 suppofitis
521 1286 636 1326 facile
658 1287 885 1338 superabant
908 1285 1078 1326 flumina.
1105 1286 1259 1337 Aliquot
1280 1287 1371 1325 dies.

76 1345 295 1386 manserunt
318 1360 435 1397 aquae.
469 1348 537 1387 Per
560 1362 654 1399 quos
672 1351 928 1396 comitatum,
943 1349 1006 1400 qui
1031 1361 1077 1387 ex
1092 1348 1212 1388 Gallia
1237 1349 1366 1388 venie-

75 1406 142 1447 bat
157 1408 206 1448 ad
220 1409 427 1456 Caesarem,
445 1409 622 1450 Afranius
644 1410 771 1450 subito
795 1410 1009 1461 aggressus,
1029 1410 1231 1460 intercepit
1246 1409 1369 1460 sagit-

75 1470 191 1509 tarios
215 1470 481 1510 Ruthenorum
510 1471 662 1510 circiter
688 1472 902 1520 ducentos,
936 1482 1025 1509 cum
1051 1470 1244 1520 equitibus
1269 1470 1361 1510 Gal-

71 1528 117 1569 lis
146 1531 300 1580 paucis,
332 1543 421 1570 cum
447 1530 582 1582 reliqui
612 1532 652 1571 in
683 1542 834 1572 montes
862 1533 1061 1583 proximos
1094 1531 1326 1582 refugissent.

128 1592 270 1632 XVIII.
294 1593 396 1632 Inter
418 1592 500 1633 haec
521 1594 810 1644 ingravescebat
835 1595 875 1632 in
894 1593 1018 1633 castr-is
1041 1593 1192 1633 Caefaris
1216 1594 1369 1644 fames„

72 1662 176 1700 tanta
205 1656 284 1701 jam
322 1654 479 1693 caritate
519 1668 709 1703 annonae,
737 1664 779 1695 ut
811 1654 972 1694 denariis
1009 1655 1285 1705 quinquaginta
1316 1655 1367 1695 inr.

72 1714 224 1753 modios
255 1716 493 1755 frumentum
520 1726 721 1756 emeretur.
762 1717 857 1757 Haec
890 1730 979 1756 cum
1001 1717 1117 1755 etiam
1141 1717 1329 1758 inflatiora
1343 1749 1370 1770 ,b

72 1789 186 1826 quam
206 1784 334 1823 erant,
350 1778 520 1817 Romam
541 1779 882 1829 perscriberentur,
904 1777 1016 1818 multi
1041 1791 1189 1828 eorum,
1206 1780 1268 1829 qui
1289 1781 1359 1819 ad-

73 1837 151 1879 huc
186 1839 223 1876 in
249 1838 359 1878 Italia
384 1838 591 1888 haeserant,
620 1841 667 1880 ad
691 1841 918 1892 Pompejum
943 1841 1104 1891 profec'ti
1133 1841 1241 1882 sunt:
1268 1843 1363 1893 alii,

70 1908 115 1939 ut
136 1900 328 1951 principes
358 1901 435 1941 hoc
455 1903 666 1953 perferrent
693 1904 898 1951 nuntium3
926 1903 1014 1952 alii,
1040 1916 1089 1942 ne
1109 1904 1193 1953 post
1216 1918 1355 1947 ornnea

68 1962 210 2001 veniss'e
235 1963 463 2003 viderentur.
486 1966 534 2005 At
550 1964 836 2011 Caesanfrustra
850 1965 983 2016 saepius
1007 1974 1151 2005 tentata
1173 1967 1362 2016 pontium?

66 2022 362 2063 reficiendorum
396 2024 485 2075 spe,
521 2038 610 2064 cum
636 2026 762 2068 irritus
793 2029 876 2077 ejus
912 2035 1072 2066 conatus
1101 2040 1281 2078 aquarum
1313 2032 1350 2069 δε

64 2085 227 2124 hostium
261 2086 296 2124 vi
326 2087 569 2136 redderetur,
603 2095 716 2127 naves
744 2088 870 2128 facere
898 2088 1084 2137 instituit,
1120 2089 1251 2139 quales
1275 2091 1358 2130 Ve2

63 2150 162 2188 netis
185 2161 229 2188 ac
252 2149 439 2189 Britannis
463 2151 503 2189 in
534 2150 598 2190 usu
627 2150 737 2200 sunt,
758 2151 859 2191 Pado
877 2160 940 2190 aut
961 2151 1054 2190 mari
1070 2152 1364 2202 stagnantibus„

65 2212 210 2252 Carina:
240 2211 382 2251 fiebant
407 2226 458 2254 ex
486 2213 565 2252 levi
590 2213 770 2253 materia:
800 2212 988 2264 reliquum
1025 2225 1164 2264 corpus
1197 2216 1349 2253 minini-

64 2273 135 2312 bus
164 2283 419 2323 contextum,
459 2275 570 2314 coriis
606 2275 857 2326 integebatur.
904 2275 980 2315 Has
1015 2275 1157 2314 idoneo
1185 2289 1359 2316 numero

61 2331 252 2386 profecius
270 2336 391 2377 Caesar
412 2339 524 2378 carris
544 2339 691 2387 iuuetis·
710 2341 827 2379 noeiu
853 2339 903 2378 ad
925 2337 1041 2378 millia
1071 2338 1244 2389 passuum
1267 2340 1347 2378 duo

111 2441 133 2486 §
158 2442 252 2476 xm.
279 2443 363 2479 Caes.
386 2445 534 2489 Appiam
559 2446 651 2481 clx-¹11.
671 2449 694 2482 1.
719 2458 752 2482 τ..
777 2448 798 2491 5
816 2446 926 2479 XVII.
946 2446 1027 2477 Dio-

1027 2499 1072 2543 Χ
1095 2514 1120 2548 4
