1675 2959
264 157 361 217 '408
432 157 1062 207 JO.FRE1NSHEMH
1110 160 1467 213 SUPPLEM.

268 265 393 316 patria
420 265 537 304 vitam
561 268 666 316 egit:
695 265 824 315 postea
848 273 978 305 tamen
1001 271 1200 309 revoeaeus
1218 299 1230 318 ‚
1257 268 1425 309 honores
1446 270 1564 311 etiam

273 329 388 378 petiit
419 329 613 379 geffitque.
664 328 752 369 Hoc
782 328 952 369 maxime
979 332 1097 370 modo
1132 332 1390 383 Hispanienfis
1417 342 1568 381 motus3

271 390 422 438 acrior,
448 404 562 442 quam
583 389 837 440 pertinacior,
868 390 977 428 initia
1003 391 1195 443 finemque
1217 394 1363 434 habuit.

327 452 388 494 LI.
421 453 463 493 In
490 452 640 502 illyrico
666 452 824 499 majoris
858 451 1052 502 aliquanto
1088 455 1349 496 dimicationis
1393 470 1471 497 rem
1509 457 1566 497 Μ.

276 513 460 553 Οξῒεινίυε
488 512 680 552 effecerat.
712 525 796 551 eam
822 514 1057 564 provinciam
1086 515 1135 565 Q
1160 515 1389 557 Cornificius
1414 518 1568 558 Caesaris

275 575 434 627 quaestor
472 583 703 625 propraetore
731 575 880 615 fortiter
919 576 1162 628 feliciterque
1192 578 1416 627 obtinebat,
1444 582 1566 631 captis

271 637 388 675 etiam
420 635 551 674 multis
577 636 728 677 octavii
754 636 940 684 navibus,
979 650 1068 676 cum
1101 640 1131 677 is
1163 650 1211 679 ex
1238 639 1449 680 Pharsalica
1474 642 1568 692 fuga

273 699 315 737 in
347 698 468 737 finum
505 698 745 746 Jadertinum
773 697 812 737 se
849 698 1057 748 recepisset.
1098 700 1145 739 At
1177 700 1322 749 Caesar,
1350 701 1572 753 intellecto,

275 759 422 807 inultos
456 759 620 800 hostium
655 760 705 799 ob
729 760 1057 810 propinquitatem
1085 760 1260 801 locorum
1288 762 1485 814 Illyricum
1505 777 1571 815 pe-

275 819 385 868 tisse,
416 821 547 872 ibique
574 820 756 872 colligere
788 820 972 871 dispersas
1011 821 1164 861 suorum
1192 823 1400 874 reliquias,
1423 827 1466 864 A.
1496 826 1573 866 Ga-

275 882 386 923 binio
409 881 633 933 scripserat,
666 885 719 921 uti
745 898 822 922 cum
851 883 1046 936 legionibus
1073 885 1241 933 tironum,
1277 901 1367 939 quas
1395 888 1570 936 habebat,

275 945 463 998 Illyricum
490 958 643 998 peteret,
676 945 860 997 conjunffa
885 961 960 984 cum
987 948 1174 999 Cornificio
1206 964 1311 1002 opera
1345 952 1571 1004 defenfitrus;

277 1011 483 1060 transiturus
507 1011 591 1063 quin
615 1013 716 1049 immo
733 1011 770 1048 in
790 1012 1062 1059 Macedoniam,
1096 1029 1107 1049 z
1128 1028 1180 1050 res
1199 1026 1397 1064 pateretur:
1418 1028 1507 1054 nam
1533 1015 1574 1055 in

280 1072 517 1112 Macedonia
543 1086 772 1112 renovatum
801 1074 846 1112 iri
875 1073 1047 1122 bellum,
1075 1074 1250 1114 nondum
1283 1077 1442 1127 cognita
1465 1077 1575 1117 Pom-

276 1137 358 1187 peji
387 1136 502 1186 fuga,
529 1137 759 1176 crediderat.

338 1198 422 1239 LII.
451 1199 527 1239 Sed
556 1198 791 1246 Gabinium,
821 1199 987 1251 peritum
1024 1197 1114 1238 belli
1139 1197 1360 1249 hominem,
1383 1202 1417 1239 ἃ
1437 1199 1574 1242 haste-

281 1272 356 1299 nus
379 1260 504 1300 felicis
531 1262 725 1309 audaciae,
755 1262 911 1301 fortuna
934 1263 1032 1300 adeo
1063 1262 1251 1310 destituit,
1291 1270 1335 1301 ut
1359 1262 1479 1303 multa
1501 1276 1576 1303 ne-

280 1322 495 1373 quidquam
522 1332 682 1361 conatus
698 1353 708 1369 ,
729 1323 861 1362 amissa
893 1335 1029 1373 magna
1059 1333 1165 1372 parte
1187 1323 1398 1372 exercitus,
1422 1325 1486 1364 vix
1512 1326 1577 1365 Sa-

282 1382 384 1422 lonis
418 1391 520 1425 tutus
545 1383 647 1422 effet,
683 1384 784 1423 Nam
813 1387 848 1424 Sc
875 1384 1035 1424 Salonas
1065 1398 1290 1436 oppugnare
1316 1387 1391 1426 auli
1420 1386 1545 1426 hostes
1563 1418 1577 1434 ,

284 1445 573 1495 oppidanorum
595 1445 755 1494 virtute,
780 1448 815 1485 ἅ
840 1446 972 1497 insigni
990 1448 1038 1486 ad
1061 1447 1289 1486 memoriam
1307 1447 1479 1486 facinore
1495 1461 1578 1488 mu.

281 1505 418 1544 lierum
449 1505 584 1555 repulsu
615 1504 710 1544 sunt.
738 1507 839 1546 Nam
862 1506 959 1553 illae,
980 1508 1132 1547 nonem
1154 1516 1274 1546 atram
1292 1510 1435 1555 nastae,
1464 1508 1578 1547 crini-

285 1566 358 1606 bus
388 1566 545 1616 sparfis,
578 1567 771 1607 Furiarum
804 1567 940 1607 habitu
964 1580 1053 1607 cum
1089 1568 1237 1609 facibus
1265 1569 1314 1607 ad
1343 1570 1460 1608 castra
1483 1583 1578 1620 pro-

287 1642 511 1676 currerunt3
539 1630 800 1680 exterritisque
833 1630 1040 1682 vigilibus,
1073 1630 1206 1670 multis
1232 1629 1330 1669 locis
1362 1631 1579 1680 injecerunt

284 1693 446 1743 ignem:
475 1704 562 1730 curn
590 1704 748 1743 repente
773 1693 843 1732 viri
877 1692 1035 1731 insecuti
1064 1705 1153 1733 cum
1181 1695 1323 1741 armis,
1356 1694 1577 1744 complures

287 1767 364 1805 prae
392 1753 698 1792 consternatione
723 1756 787 1793 vix
820 1753 877 1794 sui
905 1763 1105 1804 compotes
1123 1786 1133 1801 ,
1162 1753 1256 1794 alios
1288 1755 1415 1794 adhuc
1444 1755 1581 1796 somno

287 1817 501 1867 implicitos
529 1818 783 1867 occiderunt3
805 1817 1007 1868 castrisque
1032 1820 1066 1858 Sc
1094 1818 1252 1858 statione
1280 1818 1433 1857 navium
1459 1831 1580 1870 expu-

286 1877 414 1917 lerunt
440 1878 658 1918 Octavium.

345 1941 444 1981 LIII.
478 1942 554 1982 Sed
582 1941 647 1980 ille
668 1955 745 1980 non
772 1941 895 1981 multo
920 1941 1002 1992 post
1035 1942 1217 1990 reparatis
1245 1941 1411 1987 viribus,
1439 1940 1579 1990 proelio

290 2006 388 2043 vicit
415 2005 664 2050 salonenses,
695 2006 909 2054 iterumque
933 2005 1108 2045 admovit
1138 2005 1326 2043 oblidioni
1351 2005 1492 2053 copias.
1521 2003 1583 2043 ln.

293 2074 351 2106 ter
384 2067 465 2106 haec
492 2080 539 2107 ex
561 2069 792 2119 aegritudine
826 2069 1023 2106 contraclo
1056 2067 1217 2114 morbo,
1243 2070 1284 2107 A.
1314 2067 1497 2107 Gabinius
1526 2069 1583 2108 in-

290 2123 406 2168 t'e'riit.
439 2130 505 2167 Hae
531 2142 587 2170 res
612 2131 827 2168 excitarunt
856 2130 957 2181 spem
986 2129 1160 2176 Octavii,
1185 2138 1253 2175 ut,
1283 2130 1359 2168 ic'to
1388 2141 1475 2167 cum
1500 2129 1584 2167 bar·

293 2191 396 2230 baris
424 2190 595 2235 foedere,
618 2191 853 2241 provinciam
880 2191 992 2240 recipi
1018 2190 1123 2240 posse
1145 2189 1366 2229 confideret.
1393 2190 1467 2229 Sed
1493 2202 1583 2230 eum

297 2251 372 2290 hac
400 2251 683 2302 exspectatione
716 2253 832 2291 virtus
864 2255 898 2291 ἃ
934 2252 1130 2302 diligentia
1164 2252 1200 2292 P.
1231 2252 1370 2290 Vatinii
1407 2253 1483 2290 cito
1517 2253 1585 2292 de-

294 2311 420 2363 pulit:
458 2314 549 2361 qui,
577 2312 715 2352 crebris
743 2313 936 2352 Cornificii
971 2315 1088 2353 literis
1119 2324 1320 2361 evocatus,
1349 2326 1582 2363 quamquam

292 2387 361 2429 per
378 2373 632 2413 valetudinem
650 2375 714 2415 vix
735 2375 771 2414 se
787 2385 958 2425 regeret,
981 2388 1072 2415 cuin
1101 2378 1229 2426 paucis
1250 2374 1374 2425 longis
1397 2375 1580 2424 navibus,

344 2492 367 2538 §
393 2491 429 2527 L.
451 2491 531 2526 Dio.
555 2493 645 2530 Hirr.
669 2493 691 2539 §
712 2493 784 2535 LJJ.
808 2492 952 2538 Appian.
974 2493 1065 2527 civil.
1090 2494 1111 2526 1.
1134 2503 1165 2527 2.
1186 2492 1275 2528 Hirr.
1296 2492 1376 2528 Dio.
