1675 2959
240 224 250 231 ,
293 185 392 239 390
456 171 552 221 JO.
592 168 1104 218 FR‘EINSHEMII
1143 163 1510 213 SUPPLEM:

290 288 377 322 tum
400 293 451 321 ex
476 278 621 318 horreis
648 286 799 326 raptum
823 276 902 314 vias
927 273 1225 324 angiportusque
1249 272 1525 314 constraverat:
1543 271 1581 310 ἄν,

293 344 384 394 quia
409 355 489 382 non
515 341 634 380 modo
659 341 738 388 jam
767 336 885 375 hostis
903 366 914 383 ‚
941 336 1008 375 sed
1034 335 1107 375 suae
1129 348 1283 386 quoque
1309 334 1432 384 copiae
1452 330 1586 372 terrori

293 405 541 457 Pompejanis
573 410 707 449 erant,
745 399 872 438 subito
910 409 1018 438 metu
1058 399 1247 448 perterriti
1283 396 1588 438 conscenderunt

294 481 425 508 naves.
462 467 545 506 Nec
576 462 736 512 injustus
766 460 831 499 ille
859 462 980 500 timor
1004 461 1091 500 fuit.
1128 472 1218 498 nam
1248 462 1366 499 noctu
1394 459 1443 499 ad
1476 457 1588 507 oppi-

297 531 393 570 dum
415 541 465 568 εκ
489 524 600 565 cursu
618 523 930 574 respicientibus,
964 535 1147 574 magnum
1174 522 1402 562 incendium
1426 519 1590 566 reluxit,

297 588 550 641 flagrantibus
587 585 791 634 onerariis,
823 584 990 624 militum
1021 584 1183 624 audacia
1201 612 1214 632 ‚
1247 581 1462 622 nolentium
1489 593 1591 620 con-

293 651 489 693 scendere.

354 713 418 753 IV.
447 711 552 752 Tum
576 710 613 749 &
642 707 798 748 Rhodia
825 706 948 746 elaffis
978 706 1142 746 deseruit
1167 706 1291 746 socios
1308 736 1320 754 ‚
1352 704 1592 753 domumque

298 774 478 816 disceffit.
509 774 605 813 Haec
628 772 762 810 omnia
783 771 918 821 paucis
943 778 1032 809 ante
1061 770 1196 809 diebus
1223 769 1385 810 Rhodiae
1409 768 1594 818 quinque.

300 839 416 879 remis
445 837 663 887 remigem,
705 833 812 873 velut
844 833 1005 872 numine
1038 834 1236 882 afflatum,
1271 830 1510 883 praedixiffe‚
1545 828 1590 869 C.

304 903 526 955 Coponius,
545 902 608 951 qui
635 901 672 939 ei
692 898 797 938 classi
818 906 998 949 praeerat,
1012 896 1134 936 homo
1156 909 1245 935 cum
1271 895 1404 947 primis
1428 893 1597 944 prudens

299 976 419 1017 atque
458 965 622 1010 doetus,
661 960 782 1000 tribus
819 959 934 999 facile
957 958 1182 999 doctissimis
1209 958 1501 1004 Romanorum,
1538 953 1595 994 Μ.

301 1027 461 1075 Tullio,
486 1026 543 1067 M.
575 1023 737 1070 Catoni,
765 1022 822 1063 M.
848 1022 1034 1063 Terentio
1060 1021 1223 1060 Varroni
1246 1018 1480 1069 exposuerat.
1504 1015 1595 1056 Hoc

302 1094 358 1133 ita
386 1090 435 1129 ab
461 1089 542 1139 ipso
571 1088 757 1127 Cicerone
778 1094 973 1125 narratum
991 1114 1003 1133 ,
1034 1096 1114 1123 non
1137 1090 1337 1134 poetarum
1358 1080 1496 1125 modo,
1529 1076 1597 1116 sed

303 1154 422 1195 etiam
449 1152 666 1191 Graecorum
690 1148 863 1195 fabulas,
879 1149 942 1198 qui
961 1145 1134 1187 revixiffe
1157 1145 1358 1183 hominem
1375 1144 1410 1182 δι
1426 1155 1447 1180 a
1473 1150 1598 1182 morte

302 1215 559 1255 vaticinatum
587 1213 808 1255 finxerunt,
836 1210 1034 1249 evidenter
1065 1207 1248 1257 coarguit.
1276 1206 1477 1255 Corcyrae,
1505 1213 1596 1240 cum

304 1279 449 1317 iterum
485 1276 533 1314 de
564 1273 810 1325 praesentibus
841 1271 934 1311 esset
965 1270 1241 1317 deliberatum,
1273 1268 1369 1307 Cato
1399 1275 1600 1314 nunquam

307 1352 390 1378 non
415 1336 618 1376 observans
643 1335 773 1386 legum
790 1365 800 1382 ‚
830 1335 983 1374 Ciceroni
997 1335 1037 1388 se
1062 1333 1174 1371 cedere
1197 1327 1384 1382 profeffus
1405 1327 1483 1375 est,
1510 1324 1603 1379 quod

309 1400 372 1438 ille
391 1398 565 1451 consulari
586 1398 762 1450 dignitate
787 1396 956 1434 anteibat.
1505 1404 1512 1410 ·

378 1462 424 1501 V.
451 1462 500 1501 At
522 1460 658 1500 Cicero
674 1490 686 1506 ,
707 1458 772 1510 qui
798 1458 946 1508 semper
964 1457 1070 1507 pacis
1096 1457 1227 1495 auctor
1252 1453 1403 1496 fuerat.
1426 1452 1462 1490 ὀὶ
1486 1458 1603 1487 omne

312 1525 465 1574 fugerat
496 1520 586 1561 belli
616 1516 781 1568 munus,
811 1529 963 1559 tantum
997 1518 1045 1558 ab
1076 1515 1305 1567 accipiendo
1338 1513 1504 1564 imperio
1538 1509 1604 1548 ab·

312 1586 416 1635 fuit,
448 1592 491 1623 ut·
529 1584 660 1634 potius
683 1596 854 1621 armorum
883 1596 955 1620 non
981 1580 1256 1632 deponendorum
1272 1606 1283 1624 ,
1304 1577 1371 1629 sed
1395 1573 1606 1625 abjiciendo-

317 1662 391 1686 rum
421 1644 547 1685 suasor
580 1643 683 1684 esset.
723 1643 782 1683 Ibi
817 1642 939 1694 gravis
973 1654 1062 1679 eum
1100 1638 1252 1689 excepit
1279 1636 1606 1686 Pompejanorum

317 1709 561 1760 indignatio,
588 1706 794 1756 fuissetque
823 1719 845 1744 a
879 1706 994 1745 Cnaeo
1028 1702 1275 1748 interfectus,
1306 1701 1345 1739 ni
1376 1699 1472 1742 Cato
1500 1697 1609 1736 sedu-

319 1776 425 1814 &um
450 1771 639 1823 paulisper
660 1769 949 1810 adolescentem
970 1766 1170 1807 leniviffet.
1192 1765 1245 1804 ita
1264 1763 1415 1814 navigio
1431 1769 1610 1811 accepto,

316 1833 560 1875 Brundisium
577 1834 730 1878 vectus,
746 1844 791 1870 eo
818 1832 857 1869 in
878 1830 1028 1879 oppido
1048 1827 1199 1868 Caesaris
1218 1836 1391 1876 tempora
1416 1822 1613 1874 exspetsta-

319 1896 398 1935 bat.
423 1895 573 1935 Interea
595 1893 673 1933 loci
705 1895 739 1933 Sc
767 1893 813 1932 D.
842 1892 1003 1939 Laelius,
1035 1890 1098 1940 qui
1126 1889 1318 1937 objestam
1335 1885 1531 1926 Brundisio
1553 1885 1612 1923 in·

320 1958 467 2006 sulam,
495 1969 611 2007 quam
641 1964 752 1995 antea
782 1955 880 1995 Libo
906 1961 1104 1999 tenuerat,
1130 1949 1288 1989 consilio
1311 1949 1411 1997 pari,
1442 1946 1614 1997 pervica-

324 2022 384 2059 cia
407 2021 553 2068 majore
587 2018 800 2065 insidebat,
829 2019 864 2056 δε
892 2015 934 2056 C.
958 2014 1125 2062 Cassius,
1150 2011 1282 2051 multis
1307 2009 1465 2057 ,Iulianis
1494 2009 1535 2047 in
1557 2007 1613 2048 Si-

323 2083 413 2122 cilia
436 2083 694 2121 concrematis
721 2080 904 2127 navibus,
942 2079 1140 2130 postquam
1177 2083 1406 2125 acceperant
1430 2072 1479 2111 de
1511 2082 1612 2122 proe-

325 2143 407 2188 lio,
435 2155 523 2180 cum
550 2142 662 2182 classe
691 2139 950 2182 discesserunt.

380 2203 444 2244 VI.
479 2204 614 2253 Neque
640 2204 745 2253 piget
774 2202 990 2252 principum
1017 2199 1208 2244 virorum,
1239 2197 1354 2236 etiam
1379 2191 1615 2245 singulorum

326 2264 483 2307 consilia
507 2265 646 2304 referre
668 2267 703 2304 ἃ
726 2264 817 2303 fata.
848 2264 936 2303 Duo
959 2263 1080 2301 ferme
1102 2272 1239 2311 genera
1263 2269 1371 2297 erant
1391 2253 1613 2296 univerlim:

378 2402 401 2445 5
428 2400 488 2432 111.
512 2399 600 2431 mur.
619 2399 653 2431 in
678 2399 754 2431 Cat.
779 2409 806 2430 c.
833 2398 886 2430 81.
912 2397 985 2429 Cic.
1007 2395 1027 2436 Ε
1051 2395 1110 2427 IV.
1136 2392 1220 2425 Caes.
1239 2392 1314 2425 Cic.
1337 2392 1376 2424 dc
1394 2390 1500 2422 divin.
1524 2388 1617 2425 mut,

332 2447 368 2480 'in
396 2446 467 2477 Cic.
494 2444 526 2476 ὅ(
549 2443 632 2475 Caes.
661 2443 681 2481 ς
714 2444 758 2479 V.
785 2444 859 2483 Cic.
887 2454 952 2488 pro
981 2439 1099 2485 Dejot.
1126 2438 1159 2472 &
1190 2439 1231 2473 ad
1259 2439 1364 2471 Amc.
1392 2447 1451 2477 ii,
1470 2447 1501 2476 4.
1536 2433 1627 2466 muz.

335 2491 371 2526 in
392 2492 466 2530 Cic,
485 2490 518 2524 ὅ(
539 2489 616 2527 Cat,
645 2486 731 2526 Caes.
