1675 2959
302 146 391 206 176
466 134 1529 195 JO.FRE1NSHEM118UPPLEM.·

298 252 476 292 omnium
510 250 611 290 circa
638 259 783 299 terror,
814 259 857 289 ut
887 252 1002 291 etiam
1030 266 1052 292 a
1073 252 1372 292 Transrhenanis
1410 253 1591 304 gentibus

295 313 412 364 legati
440 312 708 351 mitterentur:
740 310 877 360 quibus
907 311 972 350 ille
1001 314 1051 350 ad
1085 313 1226 351 initium
1259 313 1386 366 aestaeis
1417 315 1590 366 proxima

296 375 403 425 jussis
429 388 623 420 occurrere,
658 371 829 421 legiones
854 373 895 410 in
932 371 1092 415 hiberna
1119 374 1307 422 deduxit,
1333 373 1413 424 ipse
1445 375 1484 413 in
1509 375 1592 414 Ita-

294 435 388 475 liam
411 434 464 473 est
484 433 692 483 profectus.
732 432 802 471 His
829 432 940 471 rebus
967 432 1007 470 in
1032 432 1169 472 urbem
1195 436 1379 474 nuntiatis
1395 466 1408 482 ,
1432 436 1587 475 decreto

293 496 446 535 senatus
467 493 701 544 supplicatio
733 495 774 532 in
803 492 884 532 dies
904 494 1151 549 quindecim,
1179 495 1230 533 ob
1254 509 1312 535 res
1337 510 1359 536 a
1381 498 1525 537 Caesare
1546 499 1589 536 in

295 559 421 600 Gallia
451 557 595 608 gestas,
621 556 726 595 fuit:
760 554 824 606 qui
846 567 1030 594 numerus
1053 553 1150 594 nulli
1183 564 1296 595 antea
1320 557 1498 598 decretus
1521 572 1593 598 un-

296 632 411 670 quam
437 619 574 657 fuerat.

350 680 489 722 LXIV.
514 680 591 719 Sed
616 679 855 719 ferociffimae
884 678 1141 729 maximaeque
1171 686 1304 730 gentes
1331 688 1439 719 erant
1461 681 1586 721 domi-

289 752 371 789 tae,
396 750 439 781 ut
469 741 662 780 honorem
697 751 908 781 mereretur
940 740 1074 780 Caesar.
1109 752 1288 791 praeterea
1324 742 1473 782 summa
1505 745 1588 791 ejus

293 812 373 843 erat
401 804 440 842 in
464 802 599 841 senatu
626 802 824 852 potentia,
859 802 961 853 apud
988 800 1177 852 populum
1204 802 1338 852 favor,
1361 812 1404 843 ut
1431 817 1489 844 res
1519 817 1587 855 per

289 866 330 904 se
355 863 621 915 ampliffimae,
659 863 747 913 quia
780 862 826 901 ab
854 862 931 900 hoc
961 872 1069 900 erant
1101 862 1236 911 gestae,
1277 864 1442 912 majores
1471 865 1589 904 etiam

291 924 548 978 gratioresque
563 925 808 965 haberentur.
831 919 974 963 Eadem
996 917 1144 971 aestate,
1159 936 1232 973 qua
1254 922 1336 963 haec
1361 924 1447 963 sunt
1463 927 1587 975 gesta,

291 989 372 1027 Ser.
401 988 524 1026 Galba
552 998 643 1024 cum
670 986 825 1035 legione
847 985 1081 1024 duodecima
1107 987 1144 1026 ὅ(
1169 995 1277 1036 parte
1304 987 1494 1036 equitatus
1511 1018 1522 1036 ‚
1545 989 1588 1028 in

289 1051 509 1092 Nantuates
522 1078 533 1096 ‚
549 1048 736 1098 Veragros
751 1077 762 1095 ‚
778 1047 1028 1098 Sedunosque
1055 1048 1183 1088 miffus
1209 1062 1230 1088 a
1244 1048 1388 1090 Caesare
1401 1081 1413 1098 ,
1429 1050 1587 1101 prospe-

289 1113 340 1152 ris
365 1110 511 1161 aliquot
535 1108 646 1148 factis
669 1107 817 1158 proeliis
836 1137 847 1156 ,
876 1119 1010 1157 pacem
1038 1110 1258 1156 petentibus
1281 1110 1400 1151 dedit.
1440 1112 1584 1152 Gentes

291 1173 367 1212 iuae
392 1186 414 1211 a
458 1170 601 1211 finibus
627 1169 907 1220 Allobrogum,
947 1170 982 1208 &
1008 1167 1094 1207 lacu
1131 1168 1325 1217 Leman0‚
1358 1174 1394 1209 ἃ
1426 1173 1586 1211 flumine

290 1233 484 1274 Rhodano
521 1232 572 1271 ad
605 1230 773 1270 summas
795 1230 910 1280 Alpes
941 1228 1148 1276 colebant;
1181 1231 1438 1281 cupiebatque
1464 1245 1586 1282 paca-

290 1306 349 1337 tas
366 1296 513 1344 Caesar‚
538 1308 615 1345 quo
638 1294 757 1333 tutius
780 1304 849 1344 per
864 1291 979 1342 Alpes
999 1290 1198 1341 minusque
1221 1291 1459 1332 sumtuosum
1485 1307 1586 1333 mer.

289 1358 487 1397 catoribus
524 1357 596 1396 iter
621 1356 746 1405 foret,
778 1368 800 1394 a
823 1355 960 1406 quibus
986 1353 1043 1393 illi
1076 1353 1214 1406 populi
1242 1367 1382 1407 magna
1411 1358 1585 1407 portoria

289 1420 511 1471 exigebant.

345 1482 463 1522 LXV.
491 1480 616 1531 Igitur
633 1478 755 1520 Galba
772 1478 821 1518 de
840 1477 904 1517 sua
924 1476 1076 1529 legione
1097 1478 1192 1518 duas
1211 1477 1392 1519 cohortes
1414 1480 1454 1519 in
1478 1481 1585 1521 Nan.

286 1544 483 1592 ruatibus,
516 1545 605 1583 ofto
641 1543 680 1582 in
704 1543 791 1582 vico
825 1541 1079 1591 Veragrorum
1108 1541 1309 1582 octoduro
1335 1543 1376 1581 in
1410 1543 1582 1584 hibernis

286 1606 476 1646 collocat:
504 1605 660 1644 alteram
683 1604 821 1655 oppidi
844 1613 992 1654 partem
1013 1603 1137 1657 (nam
1159 1613 1306 1643 torrens
1327 1604 1500 1643 medium
1526 1606 1583 1644 di.

286 1667 471 1721 videbat)
499 1667 575 1706 suis
598 1666 826 1706 cohortibus
852 1674 1044 1716 occupat,
1074 1666 1116 1705 in
1143 1665 1302 1706 alteram
1327 1668 1582 1718 commigrare

286 1730 398 1778 iubet
425 1729 654 1779 oppidanos.
684 1728 744 1768 Ibi
766 1728 921 1778 Veragri
949 1729 1172 1778 Sedunique
1197 1728 1351 1768 colle&
1371 1729 1419 1769 ad
1444 1729 1580 1780 trigin-

283 1801 325 1831 ta
349 1790 552 1830 hominum
581 1789 726 1838 millia,
755 1787 904 1838 subito,
929 1803 1012 1840 quae
1041 1791 1231 1830 Octoduri
1259 1798 1383 1839 erant,
1416 1789 1578 1830 hiberna

285 1866 512 1905 oppugnare
541 1861 765 1903 coeperunt:
798 1853 923 1892 donec
942 1853 1050 1892 nullo
1066 1885 1076 1899 ‚
1102 1853 1167 1892 nifi
1186 1854 1225 1892 in
1243 1855 1384 1893 virtute
1399 1884 1410 1902 ‚
1428 1852 1577 1903 reliquo

282 1916 482 1966 praefidio,
505 1916 723 1955 :meroribus
751 1915 880 1954 Sextio
901 1914 1148 1965 primipilari,
1178 1917 1214 1955 &
1238 1913 1430 1954 Voluseno
1458 1913 1577 1952 tribu-

282 1991 360 2026 no,
389 1979 541 2028 eruptio
565 1977 691 2022 faeta,
723 1978 759 2016 δε
789 1975 954 2026 amplius
978 1976 1090 2015 tertia
1119 1988 1204 2027 pars
1231 1975 1394 2015 hostium
1424 1973 1577 2014 concisa

283 2039 348 2078 est.
371 2038 491 2078 Galba
505 2069 517 2085 ‚
542 2037 698 2077 incenso
720 2038 829 2085 vico,
848 2037 1083 2077 incolumem
1111 2038 1304 2088 legionem
1323 2051 1390 2088 per
1404 2038 1576 2078 Nantua·

263 2097 342 2139 'tes
371 2102 410 2140 in
441 2101 694 2152 Allobrogum
713 2099 809 2139 fines
839 2100 1026 2149 deduxit,
1057 2099 1188 2150 ibique
1209 2100 1394 2151 reliquam
1427 2110 1577 2150 partem

283 2161 425 2202 hiemis
450 2156 596 2212 exegit.
633 2163 702 2202 Per
729 2162 866 2201 eadem
894 2172 1070 2212 tempora
1102 2161 1158 2202 M.
1186 2162 1304 2209 Cato,
1329 2160 1414 2212 lege
1438 2159 1577 2200 Clodia

284 2225 335 2262 ad
367 2224 614 2274 redigendam
641 2225 681 2263 in
717 2225 925 2274 provinciae
951 2224 1115 2263 formam
1140 2224 1320 2275 Cyprum!
1337 2222 1491 2270 missus,
1518 2235 1575 2261 re-

285 2289 414 2329 duetis
442 2289 741 2341 Byzantinorum
777 2290 880 2341 prius
913 2289 1132 2336 exsulibus,
1176 2290 1215 2328 in
1248 2288 1410 2328 insulam
1442 2287 1574 2336 venit,

331 2416 352 2454 ς
380 2415 498 2447 L'x'lli.
524 2415 666 2449 Diodor.
688 2415 778 2449 Piut.
808 2415 894 2450 Caes.
919 2414 1021 2449 Oros.
1043 2416 1083 2458 6,
1109 2416 1140 2450 8,
1167 2414 1187 2460 ἓ
1214 2415 1336 2448 LXIV.
1368 2413 1445 2449 Liv.
1470 2413 1567 2459 Epir.

298 2456 438 2507 Appian.
464 2462 559 2494 civil.
584 2463 608 2494 1.
627 2472 658 2493 2.
