1675 2959
363 57 441 104 ΙΝ
486 55 655 103 LOC.
693 57 827 103 LIB.
866 53 974 104 CIX
1024 56 1168 106 LIV.
1328 73 1420 125 307

142 161 179 199 ἃ
205 160 434 202 tricesimum
459 172 605 202 annum
631 174 722 202 cum
754 162 796 204 L.
822 162 999 215 Philippo
1026 163 1159 203 censor
1180 164 1221 203 in
1246 163 1421 208 senatum

139 219 293 273 legerat.

194 284 236 325 L.
265 285 315 324 Ea
336 296 488 337 quoque
510 299 567 326 res
583 318 594 335 ‚
625 288 956 337 quemadmodum
979 291 1014 329 δε
1038 296 1186 339 cetera,
1211 302 1293 341 quae
1319 289 1424 330 accia

140 345 299 393 derant,
320 347 437 386 finem
463 348 614 388 senatus
639 350 968 400 mutationemque
994 350 1212 400 reipublicae
1236 351 1420 406 visadpora

139 409 309 448 tendere.
346 410 391 449 In
417 409 493 448 hoc
528 418 633 449 metu
659 420 749 449 cum
779 410 951 461 plerique
977 412 1186 452 mittendos
1214 414 1261 452 ad
1294 409 1423 453 Caesa-1

135 479 217 508 rem
252 468 397 520 legatos
438 471 637 518 dicerent,
673 484 751 510 non
789 472 984 512 abnuente
1013 473 1224 524 Pompejo,
1263 477 1356 526 quin
1383 478 1423 516 δὲ

134 532 318 571 mandata
342 534 478 584 privati
501 534 617 573 officii
638 534 831 582 addente,
860 536 901 575 L.
927 536 1069 585 Caesar,
1101 540 1209 587 cujus
1235 542 1341 590 pater
1363 538 1425 582 le-,

135 601 244 642 gatus
275 601 354 633 erat
383 593 534 634 Caesaris
551 624 561 642 ,
589 597 625 635 ἃ
655 595 695 635 L.
722 595 879 635 Roscius
905 607 1064 647 praetor,
1086 598 1297 639 Ariminum
1324 614 1424 651 pro-

135 655 227 695 feeti
248 656 431 696 Caesarem
454 669 560 696 orare
581 657 844 707 instituerunt,
866 658 1142 700 discederet‘ab
1166 664 1302 711 armis,
1322 663 1421 703 suas-

139 730 213 767 que
247 718 404 767 injurias
441 718 662 769 reipublicae
689 719 860 758 donaret.
899 720 1020 760 Caesar
1050 722 1164 772 paulo
1193 724 1338 764 diversa
1370 727 1420 766 ab

133 779 218 829 his,
245 794 328 830 quae
357 794 425 832 per
447 781 645 832 epistolam
671 782 945 832 postulaverat,
969 785 1175 835 respondit.
1210 788 1420 839 Pompejus

134 853 196 882 eat
221 845 261 882 in
289 843 535 894 Hispaniam:
565 843 734 882 delectus
767 846 802 883 δε
830 844 1000 894 praesidia
1027 856 1161 886 contra
1188 847 1224 887 se
1255 861 1422 900 compa-

133 912 212 943 rata
242 905 497 944 dimittantur.
530 904 567 944 se
600 904 818 944 ulteriorem
849 904 1011 945 Galliam
1038 907 1233 958 Domitio,
1264 912 1423 952 citerio-

134 978 217 1005 rem
246 966 301 1007 M.
328 967 509 1008 Considio
537 966 718 1007 Noniano
749 967 1008 1007 traditurum:
1038 968 1087 1007 ad
1109 970 1327 1011 consulatus
1353 986 1422 1024 pe·-

132 1027 311 1067 titionem
339 1036 566 1067 venturum:
593 1038 715 1078 neque
749 1030 826 1075 jam
854 1027 953 1067 velle
977 1030 1163 1069 rationem
1196 1030 1327 1072 haberi
1355 1034 1422 1073 ab.-²

130 1090 272 1137 sentis3
296 1089 567 1130 trinundinum
585 1091 808 1139 petiturum.
843 1092 879 1129 δε
901 1103 977 1141 quo
1002 1090 1154 1130 facilius
1170 1095 1421 1144 conveniret,

133 1152 269 1204 petiit,
285 1160 325 1191 ut
349 1151 595 1202 colloquendi
621 1152 730 1192 causa
746 1153 903 1204 propius
930 1154 1091 1194 accedat
1104 1154 1330 1208 pompejus,
1356 1166 1422 1199 aut:

133 1214 173 1255 fe
196 1216 380 1255 accedere
408 1214 585 1265 patiatur.

199 1280 259 1320 LI.
298 1278 396 1318 Cum
417 1277 477 1316 his
512 1275 701 1315 mandatis
733 1277 890 1325 reverfi,
925 1278 1152 1328 PompeJ'um
1178 1282 1213 1319 ἃ
1243 1281 1421 1323 consules

134 1341 285 1384 Theani
307 1346 545 1391 repererunt,
579 1347 666 1378 ante
690 1340 793 1378 diem
819 1339 909 1380 VIII
933 1339 1020 1381 Kal.
1047 1339 1157 1381 Febr.
1181 1355 1256 1392 quo
1279 1344 1341 1384 die
1368 1345 1420 1385 ad

136 1417 201 1443 eos
218 1404 263 1444 T.
276 1402 461 1444 Labienus
477 1431 488 1449 ‚
514 1401 695 1441 damnata
711 1401 864 1441 Caesaris
885 1402 995 1442 causa
1012 1433 1022 1451 ‚
1038 1411 1204 1443 venerat.
1229 1404 1262 1443 ls
1284 1405 1349 1445 diu
1369 1407 1420 1446 ab

133 1467 300 1507 inimicis
325 1462 478 1506 Caesaris
501 1463 752 1513 sollicitatus,
785 1478 805 1504 a
831 1477 906 1515 quo
930 1465 1110 1505 maximis
1135 1470 1266 1507 auclus
1290 1468 1422 1515 hono-,

132 1527 262 1578 ribus,
289 1527 541 1578 omnibusque
561 1539 680 1577 nuper
698 1535 800 1566 trans
823 1527 937 1578 Alpes
965 1529 1089 1578 copiis
1115 1530 1312 1579 praefectus
1333 1532 1417 1572 fue«,

131 1601 214 1642 1a-t3
243 1592 437 1631 fortunam
463 1589 660 1630 imbecillo
694 1589 822 1629 animo
850 1591 998 1639 ferens,
1032 1591 1240 1642 Caesarem,
1268 1595 1347 1643 jam
1380 1598 1419 1636 &t

131 1653 258 1706 ipsum
287 1662 444 1704 propter
470 1651 716 1691 insolentiam
733 1635 916 1692 ‘hominis
938 1652 977 1691 in
1006 1665 1134 1693 amore
1154 1655 1417 1706 frigidiorem,

132 1716 362 1767 reliquerat,
387 1714 554 1766 speciem
586 1715 728 1765 magis,
760 1727 874 1765 quam
900 1717 1022 1767 vires,
1044 1724 1087 1756 ut
1113 1718 1236 1757 exitus
1262 1720 1417 1771 docuit,

131 1779 297 1833 praelatis
323 1778 493 1829 partibus
521 1776 697 1817 afferens.

187 1843 268 1885 LII.
301 1842 403 1883 Huic
426 1852 557 1881 tamen
584 1839 727 1888 Caesar,
751 1853 819 1891 pro
844 1839 953 1880 solita
982 1840 1098 1880 animi
1124 1842 1421 1895 magnitudine;

131 1905 339 1958 pecuniam
357 1934 368 1952 ,
399 1903 507 1952 cujus
532 1902 597 1941 ille
625 1902 806 1952 praedives
831 1912 935 1951 erat,
963 1904 998 1942 8<
1021 1902 1181 1942 sarcinas
1205 1918 1338 1944 omnes
1360 1918 1417 1946 re„

135 1966 247 2006 misit.
286 1965 541 2004 Conditiones
571 1964 723 2004 Caesaris
759 1976 831 2003 nec
858 1966 1006 2014 reJectae
1035 1978 1194 2012 omnes,
1222 1979 1292 2005 nec
1328 1981 1418 2018 pro.

133 2027 231 2068 batae
255 2027 349 2066 sunt.
375 2027 422 2066 de
439 2026 635 2076 colloquio
653 2026 942 2067 diffimulatum.
966 2026 1106 2077 scripta
1132 2028 1314 2069 mandata
1346 2040 1415 2081 per

134 2089 291 2131 eosdem
321 2089 468 2130 remiffa
491 2090 540 2129 ad
563 2088 772 2138 Caesarem,
806 2098 848 2129 ut
870 2089 934 2130 ille
957 2090 1005 2130 de
1031 2089 1092 2130 his
1124 2092 1303 2143 oppidis,
1332 2105 1417 2144 quae,

135 2218 138 2220 ⁷
180 2218 204 2262 §
233 2216 352 2251 XLIX.
384 2219 467 2253 Dio.
485 2218 563 2252 Val.
590 2217 685 2251 Max.
704 2218 744 2258 8,
769 2228 798 2259 5.
820 2217 905 2251 Plin.
929 2230 942 2251 1
961 2242 971 2260 ‚
999 2229 1029 2259 5.
1070 2216 1091 2263 5
1115 2219 1152 2252 L.
1179 2218 1271 2264 Pigh.
1294 2220 1422 2256 Annals

138 2269 220 2304 Dio.
244 2271 326 2304 Caes.
351 2271 423 2304 Cic.
449 2271 603 2305 familiar.
631 2271 686 2312 16,
720 2282 781 2313 12,
806 2271 840 2304 ὅ(
857 2272 896 2304 ad
921 2272 1026 2304 Attic.
1049 2272 1087 2313 8,
1113 2282 1165 2315 13.
1188 2273 1277 2307 Hirt.
1306 2273 1327 2318 §
1354 2272 1413 2314 qu

139 2321 229 2357 Plut.
252 2325 286 2358 in
308 2324 393 2359 Caes.
411 2323 440 2360 c.
461 2335 515 2368 51.
539 2326 618 2363 Vel.
640 2326 737 2362 Max,
759 2326 796 2368 8,
819 2338 871 2373 ¹4·
895 2326 965 2361 Cic.
989 2325 1075 2360 Caes,

1107 2380 1216 2425 Va
