1675 2959
234 100 239 104 ’
293 120 380 167 132
456 105 550 152 JO.
591 103 1083 151 FREINSHEMII
1124 102 1475 150 SUP-PLEM.

293 214 378 263 die,
403 213 572 264 horaque
596 224 723 260 nona,
753 223 843 250 cum
876 210 942 250 illa
971 210 1040 249 sub
1072 209 1215 250 sextam
1251 223 1274 250 a
1302 210 1487 251 Cicerone
1518 209 1574 249 da·-

285 278 352 316 t'ta
380 275 524 322 essent,
557 272 838 312 acerbiffimum
871 273 953 321 ejus
989 271 1194 312 inimicum
1227 272 1268 313 P.
1304 271 1487 314 Clodium
1520 275 1574 315 ad

287 338 448 390 plebem
475 336 776 376 transduxerunt.

344 401 438 441 CVI.
463 400 508 439 Id
542 398 635 438 olim
666 397 836 448 agitabat
859 396 1042 438 Clodius:
1071 397 1136 437 sed
1159 398 1261 438 varie
1286 399 1461 440 frustrato
1483 411 1571 450 pro

285 462 436 514 polito
470 459 568 498 nihil
604 459 697 498 dum
731 465 985 509 promoverat.
1028 458 1160 510 Nuper
1189 469 1318 500 autem
1338 462 1402 512 Q.
1432 462 1569 511 Celer,

290 527 360 576 qui
389 523 588 563 fortissime
618 521 811 572 proposito
828 519 966 561 vClodii
987 522 1193 571 restiterat,
1222 529 1344 562 morte
1362 524 1571 565 subductus

286 597 398 633 erat,
426 596 503 624 tam
540 593 754 634 opportune
786 583 1056 632 &ez-velociter,
1091 593 1135 624 ut
1163 584 1284 624 scelus
1310 586 1464 636 uxoris,
1489 600 1574 638 quae

286 648 396 688 fratri
421 650 456 686 ok
488 646 526 684 in
557 645 641 684 aliis
676 645 790 684 nimis
823 646 1021 685 dicebatur
1049 646 1123 685 effe
1159 648 1374 698 morigera,
1404 647 1574 699 plerique
1601 683 1606 685 .

287 708 578 758 suspicarentur.
621 706 724 746 Tum
755 706 1016 756 vero·agente
1052 706 1222 755 Caesare,
1247 709 1423 748 inventus
1453 709 1504 748 est
1535 710 1577 750 Ρ.

288 768 475 816 Fontejus
501 766 658 816 quidam
683 778 734 805 ex
759 765 874 821 plebe
897 766 1094 814 Romana,
1115 768 1182 817 qui
1199 765 1285 817 lege
1306 768 1459 808 Curiata
1483 768 1572 808 Clo-

285 833 397 875 dium
426 830 651 879 adoptaret,
671 829 874 879 statimque
906 831 1097 868 emitteret
1130 842 1270 878 manu;
1304 831 1408 880 quod
1438 843 1506 882 per
1534 830 1573 871 se

289 893 450 932 evidens
478 900 556 930 erat
581 889 768 929 clusarum
793 890 923 940 legum
957 900 1247 938 commentum,
1280 893 1315 930 ἃ
1342 890 1429 930 sane
1458 903 1575 942 quam

287 955 428 994 rationi
450 955 488 994 ἃ.
511 953 583 1002 juri
607 965 822 1004 repugnans
841 982 855 999 ‚
877 953 982 1003 quod
1006 955 1129 1002 major
1154 961 1251 992 natu*
1274 952 1434 993 Clodius
1456 967 1478 993 a
1500 954 1574 993 mi·

290 1012 390 1059 :nore
413 1016 678 1067 adoptabatur.

373 1080 490 1120 CVll.
522 1078 670 1118 Exhinc
709 1077 997 1127 multavinjeeta
1030 1076 1117 1117 sunt
1148 1079 1188 1117 in
1223 1077 1501 1129 rempublicam
1538 1081 1576 1119 Sc

289 1141 559 1191 integerrimos
593 1139 762 1190 quosque
788 1138 963 1178 custodes
992 1141 1075 1188 ejus
1097 1137 1283 1187 fulmina,
1310 1140 1500 1190 patefacto
1527 1139 1578 1179 ad

289 1203 529 1241 tribunatum
556 1201 836 1251 adnm-qvem
862 1211 957 1239 mm<
980 1201 1091 1250 petiit
1115 1200 1275 1241 Clodius
1293 1232 1305 1250 ,
1339 1203 1375 1242 ἃ
1406 1201 1577 1253 defigna-

291 1276 358 1305 tus
382 1268 446 1305 est.
474 1265 630 1306 Petierat
661 1267 697 1304 &
727 1265 784 1305 M.
809 1264 1014 1304 Laterensis
1043 1265 1215 1315 egregius
1245 1264 1475 1306 adolescens.
1509 1265 1576 1305 sed

290 1329 382 1379 quia
404 1327 467 1366 lex
489 1327 538 1365 de
561 1338 651 1377 agro
672 1326 871 1377 Campano
895 1326 1159 1378 exsecrationem
1181 1327 1347 1368 habebat
1370 1329 1408 1366 in
1431 1330 1579 1368 coitione

290 1392 587 1438 candidatorum,
602 1391 640 1441 fi
665 1391 863 1428 mentionem
881 1388 1053 1441 steterint,
1077 1406 1144 1443 quo
1166 1391 1271 1430 aliter
1300 1406 1382 1444 ager
1402 1391 1577 1445 poffidea-

290 1465 371 1499 tur,
397 1465 499 1504 azque
523 1467 567 1490 ex
594 1452 728 1504 legibus
753 1451 1036 1502 Julii53petere
1059 1452 1218 1501 destitit,
1246 1466 1294 1492 ne
1316 1455 1466 1502 juraret.
1492 1453 1577 1493 Post

291 1514 452 1554 Antonii
479 1514 765 1552 damnationem
791 1526 875 1552 reus
895 1527 941 1553 ex
959 1514 1039 1554 Alia
1063 1515 1103 1554 L.
1123 1515 1292 1555 Valerius
1317 1515 1474 1556 Flaccus
1490 1547 1502 1563 ,
1527 1516 1576 1555 ab

294 1575 435 1614 eodem
465 1573 678 1620 Cicerone,
714 1574 818 1623 apud
850 1574 896 1614 T.
924 1575 1092 1613 Vettium
1119 1574 1268 1615 felicius
1298 1577 1351 1615 est
1380 1577 1577 1626 defensus,

297 1638 334 1676 ἃ
358 1636 646 1686 opportunitate
678 1635 760 1683 joci
782 1635 981 1684 cujusdam
1010 1636 1216 1677 absolutus.
1247 1638 1395 1679 Eodem
1423 1652 1576 1690 quoque

293 1708 459 1751 patrono
496 1697 551 1736 bis
581 1696 657 1735 hoc
681 1709 782 1736 anno
817 1699 993 1747 judicum
1022 1698 1207 1750 suffragiis
1244 1698 1422 1739 liberatus
1453 1700 1505 1739 est
1531 1702 1579 1742 A.

298 1760 495 1803 Minucius
516 1758 729 1800 Thermus-
745 1758 847 1798 Inito
873 1760 1012 1799 deinde
1033 1760 1254 1809 tribunatu,
1279 1761 1315 1802 P.
1333 1761 1492 1801 Clodius
1517 1761 1576 1803 M.

296 1822 478 1865 Bibulum
505 1821 619 1860 verba
647 1821 772 1859 facere
803 1821 842 1860 in
874 1822 1106 1872 deponendo
1139 1823 1356 1872 magistratu
1390 1824 1578 1873 incipien-

295 1892 375 1924 tem
392 1882 608 1933 prohibuit,
627 1884 662 1922 δε
680 1881 840 1921 solemni
858 1884 1105 1931 jurejurando
1121 1883 1223 1932 juffit
1239 1883 1312 1922 esse
1328 1894 1565 1924 contentum.

354 1945 487 1985 CVIII.
518 1944 663 1984 Eodem
687 1957 787 1983 anno
817 1945 867 1993 Q.
887 1944 1047 1985 metello
1071 1945 1214 1993 Celeri,
1235 1957 1325 1984 cum
1350 1946 1390 1984 in
1414 1946 1579 1987 Galliam

297 2005 526 2061 proconsule
563 2004 756 2055 profectus
789 2005 901 2053 estet,
932 2018 995 2045 rex
1031 2007 1239 2046 Suevorum
1269 2007 1471 2046 Ariovistus
1507 2007 1576 2047 ho-

298 2071 422 2112 mines
439 2066 625 2119 quosdam
641 2079 687 2107 ex
699 2067 808 2107 India
822 2067 925 2106 dono
944 2068 1076 2116 dedit,
1092 2067 1180 2117 qui,
1195 2080 1281 2107 cum
1297 2081 1318 2108 e
1336 2070 1454 2118 patria
1473 2081 1580 2109 com-

297 2131 431 2172 mercii
467 2129 576 2168 causa
608 2129 863 2179 navigarent,
894 2128 1179 2179 tempestatibus
1218 2138 1324 2169 erant
1353 2130 1392 2167 in
1420 2130 1576 2170 Germa-

300 2194 403 2234 niam
431 2192 586 2242 abrepti.
631 2191 801 2231 Marcius
830 2191 1052 2242 Philippus,
1080 2192 1144 2242 qui
1169 2192 1316 2243 Syriam
1345 2205 1391 2231 ex
1418 2202 1577 2242 praetura

303 2255 527 2303 obtinebat,
546 2267 636 2294 cum
650 2252 818 2294 Arabum
844 2255 1110 2305 praedonibus,
1129 2255 1364 2305 provinciam
1388 2256 1579 2296 incursan-

309 2378 382 2456 Plgl
403 2377 474 2410 CV.
501 2377 575 2411 Cic.
594 2376 735 2410 Diodor.
757 2375 780 2420 §
806 2375 895 2410 cvl.
918 2374 990 2409 Cic.
1008 2375 1047 2408 ad
1071 2375 1177 2409 Attic.
1199 2385 1307 2419 2,19.
1330 2375 1353 2420 §
1374 2375 1578 2412 cV11.c1c.

346 2433 511 2467 lllp010.
