1675 2959
248 106 250 109 ’
296 106 374 156 ΙΝ
414 102 580 157 LOC.
619 101 756 151 LIB.
800 98 942 148 CVIII
989 97 1127 147 LIV.
1291 90 1406 153 233.

110 215 231 262 ribus,
258 216 298 252 de
319 228 360 254 ea
382 228 416 252 re
442 212 493 250 ita
522 211 743 263 censuerunt,
770 207 822 244 uti
848 206 890 244 L.
917 202 1098 250 Paullus,
1127 202 1165 239 C.
1192 196 1389 237 Marc—:llus

109 277 292 329 confitle5‚
320 289 395 314 cum
418 274 652 325 magistratum
679 269 844 321 iniffi’nt,
870 268 910 305 de
933 264 1176 319 consularibus
1195 259 1391 314 provinciis

111 338 161 375 ad
177 337 338 389 senatum
373 335 556 388 referrent:
586 348 669 373 neve
701 332 786 384 quia'
804 331 906 383 prius
932 343 977 367 ex
1004 326 1187 366 Kalendis
1213 321 1392 366 Martiis,

96 414 196 445 ,neve
212 401 298 454 quid
316 398 514 451 conjunc‘lim
534 398 575 434 (le
592 411 634 434 ea
654 410 686 433 re
702 393 877 445 referretur
898 408 920 431 a
943 390 1164 443 consulibus:
1181 387 1297 438 utique
1314 382 1393 434 ejus

105 462 161 517 ⁷rei
176 463 283 515 causa
306 476 368 514 per
390 463 464 500 dies
487 460 676 499 comitiales
695 459 854 509 senatum
884 450 1286 504 haberent,senatusque
1311 459 1394 484 corz-

108 523 241 577 sultum
257 523 435 576 facerent:
456 525 490 562 δ’
510 535 584 560 cum
603 535 643 558 ea
662 521 701 557 de
721 533 753 555 re
777 519 827 555 ad
844 516 1009 567 senatum
1030 515 1204 566 referretur
1224 525 1247 547 a
1265 506 1397 558 consu-

115 583 229 632 libus,
255 586 403 636 equitum
432 587 690 627 Romanorum,
717 579 775 630 qui
808 578 847 614 in
875 576 1032 614 trecentis
1056 573 1236 626 judicibus
1264 567 1395 619 efflent,

110 644 180 696 sex
215 646 382 682 adducere
411 643 536 681 liceret.
570 641 611 677 Si
644 639 730 691 quid
754 640 794 676 de
824 652 865 675 ea
897 651 930 674 re
959 637 1008 673 ad
1030 632 1196 687 populum
1222 629 1398 683 plebemve

118 705 192 743 lato
227 719 313 757 opus
342 705 441 757 effit,
470 717 509 742 ut
540 704 625 743 Sex.
648 700 853 752 Sulpicius,
884 701 942 738 Μ.
978 695 1176 736 Marcellus
1215 688 1397 742 consula,

114 779 299 818 praetores,
329 767 523 818 tribunique
548 764 684 817 plebis,
714 763 839 814 quibus
865 774 978 798 eorum
1002 759 1194 802 videretur,
1217 755 1265 792 ad
1288 763 1402 804 popu-

120 828 191 866 lum
205 828 378 880 plebemve
391 827 545 879 ferrent:
561 826 652 878 quod
663 825 690 863 ii
709 837 776 862 non
800 822 866 859 tuli
896 831 977 866 ent,
997 818 1070 866 uti,
1093 816 1284 868 quicunque
1307 810 1402 848 dein-

119 904 200 942 ceps
220 890 321 941 effint
334 920 344 938 ,
363 891 506 942 ferrent.
774 891 776 893 ’

177 951 344 992 XXXV.
373 949 615 999 Adscriptum
640 954 736 988 erat:
754 947 913 999 senatum
928 939 1142 994 existimare,
1166 935 1331 974 neminem
1347 946 1403 972 eo-

121 1025 197 1049 rum
208 1042 219 1059 a
235 1013 294 1064 qui
307 1013 502 1065 potestatem
520 1012 645 1049 habeat
662 1006 908 1053 intercedendi,
921 999 1149 1056 impediendi,
1161 1010 1289 1035 moram
1307 993 1405 1045 affir-

124 1086 159 1111 re
186 1085 356 1125 oportere,
389 1087 455 1124 quo
488 1072 603 1110 minus
636 1072 676 1108 de
712 1067 886 1121 republica
921 1078 1024 1118 quarn
1052 1061 1198 1115 primum
1222 1057 1270 1095 ael
1295 1055 1407 1107 sena·

124 1144 197 1172 tum
217 1133 350 1185 referri,
364 1135 567 1187 senatusque
586 1130 776 1185 consultum
794 1128 875 1179 fieri
893 1125 1003 1182 poffit.
1029 1123 1088 1176 qui
1107 1119 1312 1174 impedierit,
1331 1128 1407 1153 eum

117 1195 278 1247 finatum
307 1195 522 1247 existimare,
551 1204 669 1231 contra
708 1188 949 1243 rempublicam
978 1183 1123 1238 jeciffi’:
1148 1182 1185 1233 fi
1216 1181 1294 1232 quis
1327 1176 1407 1214 huic

118 1256 421 1309 fin‘rztusconsulto
454 1254 691 1306 intercefferir,
711 1251 854 1305 senatui
878 1251 1037 1304 placere,
1070 1243 1304 1283 auctoritatem
1326 1252 1409 1291 per-

121 1318 257 1371 scribi,
280 1319 315 1355 6»
335 1318 376 1355 de
395 1331 436 1354 ea
455 1330 488 1354 re
514 1317 563 1353 aa'
585 1316 745 1367 senatum
763 1311 994 1364 populumque
1021 1306 1146 1358 referri.
1176 1303 1280 1344 Huic
1300 1299 1412 1338 sena·

129 1378 363 1418 tusconsulto
397 1373 682 1416 intercesserunt
709 1375 749 1414 C.
772 1372 915 1414 Coelius
932 1401 943 1419 ‚
969 1371 1008 1411 L.
1032 1367 1203 1408 Vinicius
1219 1366 1235 1414 ,’
1252 1364 1292 1403 P.
1318 1362 1411 1402 Cor-

131 1439 275 1488 nelius,
302 1439 345 1480 C.
367 1439 498 1478 Vibius
526 1437 662 1484 Pansa,
688 1433 830 1474 tribuni
862 1431 994 1482 plebia
1023 1430 1145 1472 Item:
1168 1423 1412 1476 Senatuipla-

131 1516 226 1550 cere,
247 1503 288 1539 de
310 1502 496 1550 militibus,
516 1500 575 1552 qui
598 1501 636 1537 in
672 1497 823 1536 exercitu
850 1497 886 1536 C.
911 1493 1056 1547 Caesaris
1077 1493 1186 1544 sunt:
1215 1488 1274 1540 qui
1299 1498 1413 1526 eorum

126 1566 301 1618 stipendia
329 1565 490 1611 emerita,
516 1574 578 1608 aut
602 1562 753 1615 cauſsis,
776 1559 900 1612 quibus
932 1558 972 1596 de
1002 1556 1112 1606 causts
1143 1550 1231 1602 rniffi
1244 1549 1324 1601 fieri
1352 1549 1413 1585 de-

135 1629 265 1675 beant,
292 1628 460 1674 habeant,
486 1627 536 1662 ad
570 1625 659 1663 hunc
690 1624 841 1662 ordinem
865 1620 1008 1673 referri,
1033 1630 1073 1656 ut
1101 1629 1215 1655 eorum
1238 1612 1327 1651 ratio
1347 1611 1414 1651 lta·

137 1690 275 1737 beatur,
295 1690 468 1741 causaeque
492 1687 752 1740 cognoscantur.

193 1751 381 1791 XXXVI.
394 1751 567 1800 Itemque
583 1763 592 1790 ε
608 1748 749 1803 senatui
767 1747 902 1799 placere
926 1745 963 1782 in
983 1741 1139 1783 Ciliciam
1151 1732 1414 1791 provinciam&

139 1810 179 1848 in
200 1813 271 1848 0520
290 1811 443 1862 reliquas
461 1810 691 1863 provincias,
711 1820 798 1859 quas
815 1804 968 1857 praetorii
976 1817 1041 1855 pro
1050 1812 1192 1854 praetore
1205 1797 1390 1836 obtinet-ent
1402 1824 1416 1843 ,

141 1884 200 1910 eos
214 1901 227 1919 ,
251 1871 310 1923 qui
328 1883 488 1925 prcetores
500 1870 671 1922 fuerunt,
697 1882 798 1921 neque
823 1867 861 1904 in
879 1864 1064 1920 provincia
1090 1875 1165 1900 cum
1188 1858 1326 1912 imperio
1335 1856 1418 1911 fice-

141 1947 244 1982 runt,
262 1949 348 1986 quos
372 1948 483 1972 eorum
503 1948 548 1971 ex
568 1929 869 1985 senatusconsulto
894 1941 970 1965 cum
991 1924 1131 1977 imperio
1159 1923 1195 1960 in
1211 1918 1418 1973 provincias

139 2011 205 2051 pro
230 2008 370 2048 praetore
391 1995 482 2033 mitti
508 2005 694 2046 oporteret,
720 2006 778 2030 eos
795 1990 920 2042 fithito
945 1989 982 2026 in
1004 1985 1209 2040 provincias
1227 1981 1319 2020 mitt-i
1337 1981 1421 2034 pla-

142 2073 222 2098 cere.
257 2073 268 2094 ι
287 2071 332 2095 ex
352 2071 390 2095 eo
413 2069 570 2101 nurnero,
593 2068 678 2106 quos
704 2067 748 2090 ex
763 2048 1065 2104 se’natuftonfitlto
1092 2048 1129 2084 in
1151 2043 1355 2097 provincias
1371 2043 1419 2080 ire

109 2135 112 2142 i
142 2128 330 2169 oporteret,
355 2118 404 2155 ad
428 2129 597 2154 numerum
625 2128 695 2152 non
729 2112 853 2165 ffrn,
875 2111 935 2162 qui
963 2111 1002 2146 in
1034 2121 1095 2145 eas
1114 2105 1320 2158 provincias
1338 2117 1421 2155 pro-

139 2179 373 2230 ficifierentur
394 2192 405 2222 ‚-
432 2188 502 2214 tum
525 2176 578 2214 uti
602 2175 757 2227 quodque
784 2171 964 2224 collegium
992 2170 1141 2222 primum
1167 2178 1348 2219 proetorum
1369 2165 1423 2216 es-

139 2239 193 2292 fit
209 2270 219 2288 ‚
245 2253 315 2277 tum
335 2238 510 2291 deinceps‘
520 2236 674 2289 proximi
700 2234 863 2287 cujusque
889 2230 1047 2283 collegii,
1071 2228 1130 2280 qui
1154 2239 1312 2280 pratum-es
1326 2223 1421 2276 fuis·

150 2357 402 2438 ΒΞἓὼξζγΧΧΙΥς.
425 2354 515 2394 plut.
538 2356 572 2389 ‘m
590 2355 756 2408 Pompz-c.
772 2363 829 2393 94.
851 2351 924 2387 cic.
942 2348 1095 2383 familiar.
1122 2346 1140 2379 8
1155 2371 1163 2387 ,
1187 2345 1218 2379 S.
1242 2344 1262 2388 §
1281 2339 1424 2379 XXXV·
