1675 2959
269 126 364 174 216
437 106 1543 177 10.FR131NSHEM11'SUPPLEM.=.

270 232 379 273 alteri
404 231 604 272 consulum
625 233 863 283 provinciam
877 232 1070 274 lubentius'
1092 234 1340 283 decerneret,
1354 235 1554 284 Pompeio-

270 308 346 346 que
369 295 509 335 sortem
537 293 645 333 illam
668 293 861 334 obvenisse
881 294 1082 335 laetaretur.
1116 296 1185 337 His
1211 297 1331 336 ferme
1357 294 1468 334 rebus
1489 294 1556 333 do-

270 360 327 397 mi
359 358 529 409 forisque
567 358 819 398 circumactus
853 370 974 397 annus
1004 358 1080 406 est,
1111 371 1189 409 quo
1229 360 1299 399 Cn.
1326 358 1556 408 PompeJus,

253 418 328 460 M.
360 418 505 459 Craffus
545 417 721 458 consules
754 419 894 458 iterum
931 419 1097 458 fuerunt.
1138 421 1308 470 Sequens
1342 419 1481 460 deinde
1512 418 1552 458 L.

270 479 448 521 Domitio
477 480 545 519 Cn.
574 479 613 519 F.
643 478 926 529 Ahenobarbo,
949 482 1019 531 Ap.
1045 480 1210 521 Claudio
1237 484 1304 532 Ap.
1331 481 1371 522 F.
1390 479 1557 522 Pulchro

272 543 493 583 consulibus
517 573 528 591 ,
563 556 722 594 magnas
763 543 1005 583 dissenfiones
1047 545 1088 583 in
1130 543 1355 594 republica,
1400 555 1559 594 magnas

274 607 517 645 exercituum
538 606 676 656 strages
699 606 740 644 in
766 605 972 656 provinciis
994 605 1092 646 tulit.
1125 606 1169 651 In
1192 607 1286 645 urbe
1311 614 1465 657 propter
1487 604 1562 644 Ga-
1632 646 1637 650 ,

271 666 447 715 binium,
471 681 493 706 a
520 680 599 717 quo
623 674 757 706 contra
784 666 987 718 religiones
1009 668 1187 707 reductus
1211 667 1253 706 in
1283 679 1441 718 regnum
1464 666 1560 705 Pto-

270 727 426 769 lemaeus
456 730 604 778 fuerat,
626 730 779 770 acribus
801 719 942 770 animis·
963 732 1061 770 inter
1083 731 1275 781 principes
1296 729 1525 769 certabatur.

327 791 468 832 LXIII.
515 792 561 832 Et
595 792 749 833 Gabinii
783 791 936 834 causam
978 792 1047 833 Cn.
1080 792 1247 843 Magnus
1284 792 1466 832 hac‘tenus
1497 798 1560 830 ut-

271 864 426 903 cunque
450 852 702 893 sustinuerat:
730 863 812 893 tum
841 862 998 903 autem,
1020 855 1186 894 duorum
1211 853 1411 894 consulum
1430 854 1560 892 inimi-

272 916 330 954 cis
354 916 566 956 accedente
589 918 836 966 auctoritate,
857 918 979 968 coepit
1003 917 1209 959 labascere.
1252 918 1445 958 Domitius
1465 916 1561 957 sem-

271 979 340 1028 per
373 978 552 1019 adversus
579 980 822 1030 Pompeianae
853 980 1012 1020 factioni
1044 981 1201 1020 fuerat:
1229 981 1421 1031 Appium,
1445 989 1558 1018 antea

273 1039 579 1088 non·‘alienum,
613 1041 735 1081 studia
772 1041 896 1092 plebis
923 1042 1149 1090 mutabant,
1181 1044 1217 1081 δε
1246 1042 1327 1093 spes
1356 1041 1476 1090 lucri,
1499 1053 1562 1080 ac-

273 1103 515 1144 cumulatum
543 1105 762 1143 mercedem
790 1103 993 1154 patrocinii
1028 1104 1217 1151 Gabinio,
1244 1105 1266 1142 si
1289 1106 1392 1154 prius
1418 1105 1456 1143 in
1482 1116 1562 1143 ma-

276 1178 394 1215 gnam
421 1166 610 1206 adductus
641 1167 938 1218 trepidationem
964 1166 1101 1206 fuiffet.
1138 1167 1188 1206 At
1214 1166 1362 1214 Caesar,
1387 1168 1514 1217 obfides
1538 1181 1562 1204 a

273 1227 465 1269 Britannis
480 1228 597 1280 miſjbs
619 1242 688 1266 non
711 1230 773 1283 effe
796 1227 990 1277 causatus,
1007 1238 1178 1267 ceterum
1199 1226 1350 1275 insulae,
1367 1227 1391 1266 si
1415 1226 1559 1277 posset,

274 1288 481 1328 domandae
516 1289 704 1340 cupidus,
733 1291 769 1330 ὃς
802 1288 975 1341 quolibet
1006 1298 1193 1340 praetextu
1218 1302 1366 1327 morem
1395 1288 1562 1338 gesturus

274 1351 511 1400 cupiditati,
551 1365 619 1403 per
653 1352 823 1393 hiemem
862 1365 1041 1403 magnam
1075 1352 1231 1392 navium
1272 1350 1562 1391 multitudinem

275 1423 393 1461 opera
418 1411 630 1462 legatorum
646 1443 659 1461 ,
683 1425 780 1463 quos
808 1412 980 1452 hibernis
1009 1412 1288 1464 praeposuerat,
1311 1411 1410 1451 effici
1438 1410 1564 1461 justit,

273 1471 400 1510 forma
426 1472 664 1524 praescripta,
691 1485 806 1524 quam
832 1473 1030 1522 judicabat
1058 1473 1132 1513 effe
1156 1473 1206 1512 ad
1231 1472 1330 1513 illius
1359 1472 1471 1510 maris
1492 1482 1560 1510 na-

272 1538 399 1576 turam
424 1533 604 1574 consueta
631 1535 949 1574 commodiorem.
1180 1529 1182 1531 ¹

330 1594 468 1635 LXIV.
507 1596 616 1647 Ipse,
645 1597 870 1638 Pirustarum
908 1595 1120 1648 compressa
1155 1597 1333 1644 natione,
1363 1593 1561 1646 Illyricum

274 1656 576 1707 incursantium,
605 1661 641 1700 δι
679 1660 819 1700 deinde
856 1661 896 1700 in
927 1659 1060 1710 Galliis
1089 1658 1287 1698 concitore
1315 1657 1562 1697 Trevirorum

273 1719 566 1769 Indutiomaro,
592 1734 682 1762 cum
710 1721 927 1772 legionibus
955 1722 1003 1762 ad
1031 1731 1184 1773 portum
1220 1721 1339 1762 Itium
1365 1720 1560 1770 pervenit;

272 1783 389 1831 inde,
411 1783 520 1824 fimul
545 1786 694 1835 patiens
716 1786 872 1826 navium
898 1787 1077 1826 Oceanus
1101 1785 1226 1833 foret,
1252 1784 1390 1824 iterum
1415 1783 1453 1822 in
1478 1783 1561 1822 Bri-

272 1845 448 1892 tanniam
467 1847 706 1894 traiecturus.
736 1847 851 1887 Itium
872 1847 1045 1899 plerique
1064 1846 1175 1887 fuisse
1190 1855 1349 1897 putant,
1371 1845 1438 1884 ubi
1459 1856 1561 1884 nunc

273 1907 453 1948 Cale-tum
491 1908 544 1948 est
581 1911 820 1950 maritimum
852 1912 1071 1963 oppidum:
1115 1910 1180 1950 sed
1215 1910 1297 1949 haec
1336 1908 1561 1948 auctoritate

271 1971 468 2011 Ptolemaei
500 1971 687 2012 refellitur
717 1974 864 2024 opinio.
898 1975 1058 2025 propius
1089 1974 1206 2013 fidem
1241 1973 1319 2019 est,
1349 1973 1455 2020 juxta
1486 1971 1559 2011 Bo·

271 2033 431 2073 noniam
467 2035 714 2083 quaerendum
750 2035 840 2077 huic
883 2036 1032 2076 nomini
1066 2036 1197 2075 locum
1237 2034 1321 2074 effe.
1364 2034 1467 2074 Dum
1500 2033 1555 2072 ibi

269 2102 430 2134 ventum
462 2096 653 2148 exspectat
683 2099 828 2148 Caesar,
864 2099 1079 2141 Dumnorix
1114 2099 1325 2140 IEduorum
1360 2097 1577 2156 princeps,-

273 2157 339 2205 qui
372 2168 461 2197 cum
487 2160 680 2209 equitibus
707 2161 780 2201 suis
813 2164 861 2202 ad
892 2163 1076 2204 Caesarem
1113 2171 1290 2208 venerat,
1321 2172 1409 2198 cum
1438 2161 1558 2210 impe-

270 2227 370 2258 trare
392 2219 636 2269 nequivisset,
660 2230 702 2260 ut
731 2224 769 2260 in
793 2223 915 2264 Gallia
945 2223 1245 2274 relinqueretur,
1268 2223 1388 2262 invito
1413 2222 1557 2264 Caesare

273 2282 434 2323 domum
468 2282 589 2332 coepit
608 2281 815 2326 discedere.

326 2342 443 2383 LXV.
473 2342 613 2393 Caesar,
643 2354 794 2385 motum
825 2345 1033 2386 Galliarum
1065 2347 1228 2395 veritus,
1258 2347 1469 2398 postpositis
1500 2358 1555 2387 ro-
1592 2358 1594 2360 ’

313 2459 336 2506 5
360 2458 481 2495 anr.
504 2459 650 2499 Diodor.
671 2460 757 2498 Caes.
779 2463 888 2499 strab.
911 2465 936 2499 1.
957 2474 990 2506 4.
1017 2462 1038 2508 §
1064 2462 1185 2499 inv.
1209 2464 1283 2498 Liv.
1307 2463 1423 2509 Epir„
