1675 2959
291 136 387 187 (188
459 139 1101 192 JO.1=RE1NSHEM11
1135 143 1481 194 SUPPLEM.
1530 135 1534 139 ’

291 244 476 293 ducenti,
498 244 649 286 lictores
677 254 833 286 centum
861 248 897 286 δε
918 247 1055 298 viginti
1084 251 1187 301 apud
1209 251 1394 291 Caesarem
1417 250 1569 302 conspi-

291 315 476 344 cerentur.

282 379 285 381 ’
345 367 483 407 XCIV.
508 366 566 406 Ab
596 365 663 405 illo
690 367 858 406 maxime
889 370 1083 408 conventu
1110 371 1297 424 exstingui
1330 373 1485 414 libertas
1510 387 1571 414 ur-

289 427 352 468 bis
372 459 383 472 ,
411 430 465 467 vis
497 429 644 467 senatus
672 428 885 479 populique
914 431 1191 481 procumbere,
1224 434 1422 487 omnisque
1449 450 1569 478 unum

286 490 330 529 in
364 490 574 538 Caesarem,
608 502 686 528 non
713 491 790 538 jam
817 490 1022 541 inclinare,
1055 493 1120 533 sed
1154 508 1262 535 ruere
1290 502 1463 547 potentia
1491 512 1569 538 coe·

286 550 359 602 pit.
386 550 537 590 Idcirco
564 562 688 599 neque
707 550 839 590 Idibus
859 548 1002 601 Majis',
1029 555 1082 593 uti
1104 556 1327 606 praediCtum
1351 558 1495 607 fuerat,
1520 560 1569 599 de

285 624 380 661 agro
404 611 601 660 Campano
617 613 764 660 actum3
791 626 915 663 neque
937 618 1097 656 omnino
1122 619 1350 669 quidquam,
1374 623 1478 670 quod
1493 621 1570 661 Cae-

284 671 357 711 sari
385 670 582 709 adversum
601 672 807 712 videretur.
832 675 956 724 Atque
970 675 1244 727 ille‚effec³tis‚
1267 693 1350 730 quae
1373 680 1570 730 voluerat,

287 732 589 781 confirmataque
616 731 728 781 supra
752 735 911 774 modum
932 738 1134 786 potentia,
1155 751 1242 779 cum
1271 741 1464 781 rebellasse
1489 744 1569 793 qui-

285 794 376 833 dam
403 793 538 844 populi
564 795 854 844 nuntiarentur,
879 798 928 836 ad
950 803 1244 850 componendos
1270 812 1396 843 motus
1417 807 1457 843 in
1484 804 1572 845 Gal-

286 852 378 892 liam
405 854 530 894 rediit.
559 854 761 895 Maritimae
785 859 982 907 civitates,
1006 860 1132 900 missos
1157 875 1178 901 a
1201 863 1238 902 P.
1265 864 1390 904 Crasso
1419 866 1467 905 ad
1493 867 1571 906 fru-

283 924 463 955 men-turn
493 917 788 966 accipiendum,
817 921 960 969 equites
992 922 1186 964 Romanos
1220 926 1473 975 retinuerant,
1502 942 1570 978 per

287 989 384 1027 quos
408 977 609 1028 sperabant
627 979 719 1019 suos
744 980 779 1019 se
807 981 954 1022 obfides
976 996 1198 1034 recuperare
1224 987 1337 1036 posse.
1375 988 1568 1040 Principes

281 1039 466 1089 potentiae
506 1040 752 1091 audaciaeque
791 1042 927 1082 Veneti
966 1054 1096 1095 erant,
1128 1047 1177 1086 ad
1205 1048 1405 1092 Oceanum
1437 1051 1568 1091 colens

282 1100 464 1152 populus,
855 1134 858 1137 Δ

358 1163 476 1203 XCV.
509 1162 612 1204 cuni
634 1165 692 1205 his
719 1165 890 1216 Ofismii,
917 1168 1178 1220 Curiofolitae,
1209 1173 1390 1223 Lexobii,
1414 1177 1567 1216 Nanne.

283 1231 370 1273 tes,
403 1229 437 1266 ὃς
475 1227 556 1267 aliae
580 1229 753 1268 nationes
789 1243 893 1269 arma
918 1231 1152 1280 junxerant‘:
1179 1248 1200 1274 a
1232 1236 1424 1287 Menapiis
1451 1239 1567 1280 etiam

285 1288 337 1327 ad
364 1288 542 1328 Rhenum
576 1291 817 1341 colentibus,
843 1295 880 1345 ἃ
915 1307 962 1334 ex
993 1296 1164 1347 opposita
1190 1299 1344 1338 Venetis
1373 1300 1568 1342 Britannia

283 1350 488 1390 auxiliares
525 1365 658 1392 manus
690 1355 928 1405 parabantur.
972 1357 1092 1398 Caesar
1126 1372 1213 1414 cum
1245 1362 1366 1401 multa
1404 1362 1568 1406 hostium

283 1413 429 1462 oppida
458 1425 597 1463 magno
623 1414 777 1463 labore,
802 1418 956 1457 modico
979 1432 1102 1469 operae
1123 1423 1245 1471 pretio
1263 1423 1440 1472 cepisset,
1462 1436 1567 1464 com-

283 1475 510 1513 mutandam
539 1476 604 1515 fibi
632 1479 788 1527 gerendi
811 1479 899 1519 belli
926 1482 1113 1520 rationem
1133 1512 1144 1529 ‚
1163 1484 1198 1522 ἃ
1220 1482 1332 1523 classe
1355 1486 1567 1537 confligen-

285 1535 401 1582 dum,
419 1536 619 1583 judicavit.
643 1540 793 1580 Etenim
813 1541 852 1579 in
869 1544 1140 1591 promontoriis
1163 1543 1376 1595 linguisque
1400 1547 1465 1586 fita
1487 1548 1567 1598 ple-

282 1610 401 1647 raque
423 1599 566 1649 oppida
593 1611 722 1649 erant,
755 1604 981 1653 perangusto
1008 1605 1137 1653 aditu,
1163 1608 1198 1646 ἅτ
1224 1610 1432 1648 accedente
1454 1611 1565 1665 aestu,

283 1660 389 1710 quod
422 1659 478 1698 bis
514 1662 654 1701 accidit
684 1663 860 1704 horarum
887 1667 1094 1706 duodecim
1120 1668 1242 1718 spatio
1259 1700 1269 1717 ‚
1293 1670 1565 1720 impenetrabi-

280 1718 324 1759 li.
367 1734 414 1759 ne
447 1721 606 1762 navibus
635 1724 791 1774 quidem
832 1727 924 1765 adiri
956 1737 1038 1768 tuto
1073 1738 1243 1779 poterat,
1270 1743 1361 1780 quas
1389 1732 1563 1774 relabens

279 1780 386 1820 aestus
415 1782 510 1820 inter
544 1782 672 1833 aspera
699 1787 734 1825 ἃ
764 1787 901 1826 vadosa
936 1788 1021 1829 loca
1054 1791 1293 1832 destituebat.

358 1844 493 1884 XCVI.
536 1845 654 1898 Igitur
691 1851 841 1899 quoties
881 1850 1032 1891 summo
1069 1853 1234 1893 militum
1271 1863 1413 1895 conatu
1447 1870 1563 1908 opera

279 1908 384 1955 aeta,
418 1911 452 1948 δι
481 1922 582 1948 mare
612 1912 812 1961 aggeribus
837 1915 1033 1954 exclusum
1055 1924 1158 1965 erat3
1187 1917 1341 1966 obseffi,
1364 1919 1561 1970 desperato

277 1972 397 2010 teneri
429 1972 556 2012 iocum
584 1975 709 2025 posse,
737 1990 815 2016 rem
843 1978 1104 2028 significabant
1129 1981 1212 2022 suis.
1243 1983 1329 2030 Illi,
1348 1997 1486 2034 magno
1504 1999 1559 2025 re-

276 2041 394 2082 pente
419 2045 578 2073 numero
596 2037 748 2077 navium
772 2038 973 2088 adhibito,
988 2045 1004 2093 (
1019 2043 1122 2091 quod
1139 2041 1263 2082 facere
1286 2044 1361 2083 sine
1385 2047 1556 2095 periculo

275 2102 478 2144 poterant,
506 2097 592 2145 quia
612 2111 726 2137 naves
748 2100 796 2139 ad
819 2100 993 2141 locorum
1022 2105 1242 2153 patientiam
1269 2118 1377 2145 erant
1397 2108 1562 2147 aedifica·

276 2158 358 2204 tae)
386 2155 562 2195 homines
587 2171 721 2198 omnes
752 2173 838 2201 cum
868 2164 988 2212 copiis
1012 2176 1123 2214 atque
1145 2167 1256 2205 armis
1283 2169 1321 2206 in
1354 2168 1456 2207 aliud
1486 2183 1556 2219 op-

275 2215 410 2266 pidum
433 2218 709 2268 deportabant:
735 2235 809 2272 quo
830 2222 856 2262 sl
877 2224 1081 2265 admovere
1103 2226 1223 2267 Caesar
1241 2230 1453 2268 exercitum
1478 2230 1554 2269 velt

319 2348 340 2388 Ε
366 2350 490 2384 XCIII.
513 2352 658 2386 Diodor.
687 2354 759 2387 Cic.
786 2356 938 2391 familiar.
968 2370 1005 2399 r,
1033 2369 1065 2395 7.
1093 2360 1177 2393 ΟΞΠ
1215 2361 1234 2396 Ε
1263 2362 1386 2395 XCIV.
1409 2366 1550 2401 Sueton.

275 2386 422 2473 {521aess
444 2408 472 2430 c.
500 2407 551 2441 23.
579 2398 666 2436 Plut.
692 2400 727 2434 in
755 2401 839 2439 Cres.
862 2413 891 2435 c.
917 2413 948 2447 3.
973 2404 997 2449 §
1022 2405 1129 2439 XCV.
1156 2406 1239 2441 Caes.
1263 2407 1302 2441 de
1327 2408 1363 2444 Β.
1389 2409 1431 2444 G.
1455 2421 1497 2454 3,
1520 2419 1554 2449 Ἀ

316 2448 335 2471 u
361 2461 369 2471 .
