1675 2959
327 126 404 173 IN
442 123 607 172 LOC.
638 123 769 170 LIB.
808 122 869 170 CI
912 123 1049 171 LIV.
1294 131 1360 184 ’47

77 248 217 290 pacem
245 234 365 286 petiit.
410 233 596 282 deditque
627 230 851 280 pompejus,
876 228 973 279 jusso
1003 243 1026 267 a
1052 228 1224 267 montibus
1246 228 1363 284 (nam

81 297 152 336 sub
175 296 255 347 ipso
287 294 455 337 Caucaso
479 293 596 331 castra
621 290 829 341 posuerat)
858 291 894 327 in
917 290 1030 342 plana
1055 291 1258 342 descendere.

131 356 359 396 XXXVIII.
383 357 507 405 Atque
531 353 596 393 ille
618 366 697 392 non
713 353 838 403 paruit
863 352 1005 400 modo,
1022 350 1086 390 sed
1118 351 1216 390 ultro
1247 353 1365 391 etiam

78 431 169 458 eum
202 418 367 469 epistolis
404 430 562 456 munera
588 415 715 463 misit,
742 414 951 461 leetulum‚
977 412 1175 460 mensam,
1204 413 1369 462 solium,

80 479 212 518 omnia
243 492 364 518 aurea.
404 492 486 528 quae
515 490 583 528 pro
621 488 727 514 more
754 475 822 514 suo
856 476 1061 524 Pompejus
1097 473 1267 523 quaestori
1304 486 1369 511 re-

78 542 236 581 ferenda
258 542 298 580 in
325 540 472 580 tabulas
498 541 627 579 dedit:
659 549 865 588 regemque
895 535 977 575 aliis
1003 533 1232 584 quibusdam
1256 534 1369 573 donis

78 603 133 642 est
162 612 437 641 remuneratus.
482 600 674 642 Miserunt
709 601 745 639 δε
779 597 915 648 reliqui
952 595 1124 647 plerique
1157 595 1368 635 Caucasum

78 665 173 708 inde
200 665 248 704 ad
280 663 457 714 Caspium
489 662 608 713 usque
639 673 743 700 mare
777 658 998 699 accolentes
1035 656 1170 707 populi
1198 657 1246 696 de
1273 668 1369 707 pace

77 725 247 777 legatos:
278 739 391 776 quam
426 725 532 764 haud
563 731 715 774 gravate
739 721 946 766 conceffit,
978 720 1066 769 quia
1097 722 1176 768 Jam
1208 719 1367 769 expedi-

78 791 225 830 tionem
248 789 349 828 hanc
371 789 504 838 finire,
529 790 564 827 δε
585 788 633 826 ad
655 784 943 835 componendas
961 812 971 831 ‚
1003 794 1094 832 quas
1116 793 1248 820 recens
1274 794 1369 834 con-

75 852 221 893 fecerat
246 852 490 903 provincias,
525 851 694 899 itemque
723 847 953 888 Parthorum
983 844 1139 884 confilia
1166 844 1369 897 speculan

81 915 152 961 da,
177 914 350 964 praeverti
375 912 566 951 statuerat.

134 943 333 1015 XXXIX.
371 972 455 1012 Post
491 981 662 1021 pugnam
702 968 806 1006 enim
839 965 1032 1016 cupiditas
1065 965 1254 1001 invaserat
1287 964 1374 1003 ani-

80 1048 188 1076 mum
214 1037 295 1084 ejus
328 1034 377 1074 ad
404 1045 507 1072 mare
529 1030 705 1081 Caspium
729 1035 881 1079 penetr
887 1037 921 1066 n
917 1028 977 1074 li,
1001 1037 1077 1076 quo
1108 1025 1273 1060 termino
1297 1022 1374 1061 Ro-

80 1107 240 1134 manum
267 1090 474 1140 imperium
503 1092 550 1128 ab
581 1092 741 1130 Oriente
766 1089 915 1130 finiret3
955 1086 1047 1121 ficut
1075 1082 1123 1122 ad
1162 1083 1372 1123 Meridiem

82 1154 267 1201 Oceano,
296 1152 344 1190 ad
371 1150 626 1191 Occidentem
659 1146 874 1191 Atlantico,
900 1143 1042 1184 rebus
1032 1157 1073 1182 m
1095 1143 1221 1183 Africa
1249 1147 1282 1184 δε
1301 1145 1374 1184 Hi-

82 1214 217 1265 spania
251 1212 432 1263 gerendis
469 1208 749 1247 terminaverat.
787 1205 871 1245 Nec
902 1205 1066 1255 amplius
1090 1205 1206 1244 tridui
1240 1206 1375 1245 itinere

73 1277 237 1327 ¹aberat3
279 1275 344 1312 sed
379 1270 622 1310 multitudine
658 1269 692 1307 Sc
721 1266 865 1306 exitiali
900 1279 1050 1306 veneno
1083 1266 1266 1316 anguium
1306 1267 1374 1305 de·

82 1338 262 1381 territus,
298 1335 337 1372 in
360 1331 577 1373 Armeniam
610 1328 790 1381 regressus
820 1329 895 1378 est,
921 1341 970 1367 ne
993 1327 1260 1369 Mithridatem
1288 1330 1373 1378 qui-

83 1398 176 1437 dem
197 1395 295 1436 ultra
321 1393 571 1446 persequens,
604 1393 660 1431 cui
678 1393 717 1445 se
742 1392 905 1430 acriorem
928 1392 1051 1443 hostem
1074 1390 1287 1442 relinquere,
1302 1390 1370 1442 fiz-

83 1474 195 1506 mem,
214 1456 424 1496 dictitabat.
453 1455 636 1496 Edixerat
663 1454 765 1492 enim
785 1484 796 1502 ‚
817 1469 858 1491 ne
885 1452 964 1505 quis
986 1452 1180 1504 negotiator
1209 1466 1375 1490 commea-

82 1530 155 1558 tum
183 1519 233 1557 (ια’
255 1533 296 1556 ea
322 1517 399 1555 loca
430 1517 649 1567 depormret:
685 1514 745 1567 qui
759 1512 920 1565 fteffc,
943 1526 1016 1549 eum
1040 1513 1081 1564 [ε
1101 1525 1165 1563 pro
1194 1512 1283 1564 hoste
1309 1513 1375 1550 lm-

81 1582 241 1621 biturum.
282 1582 318 1620 Sc
346 1592 395 1618 ne
426 1578 622 1617 contemni
645 1577 791 1628 posset,
820 1575 941 1615 classis
970 1574 1147 1625 disposita
1180 1582 1280 1622 erat,
1306 1586 1373 1613 ex-

82 1650 262 1693 ceptura,
289 1642 357 1691 qui
378 1648 512 1679 contra
534 1641 615 1688 ejus
635 1639 804 1678 edietum
829 1636 1073 1687 navigassent.

58 1720 73 1728 *·
139 1704 224 1744 XL.
258 1704 361 1743 Dum
389 1701 449 1741 his
472 1701 571 1742 curis
598 1701 806 1751 Pompejus
837 1698 1092 1748 distringitur,
1126 1696 1373 1737 Mithridates

84 1777 109 1805 a
137 1764 319 1813 Colchis,
349 1764 416 1803 ubi
450 1763 735 1811 hibernaverat‚
771 1775 839 1813 per
869 1760 1067 1812 Scythicas
1100 1768 1252 1810 gentes,
1281 1773 1373 1809 qua-

83 1841 171 1867 rum
196 1827 488 1867 multitudinem
512 1835 626 1876 atque
655 1826 947 1876 pugnacitatem
973 1825 1038 1862 vix
1067 1823 1290 1862 florentibus
1314 1837 1374 1862 re·

83 1890 157 1930 bus
182 1889 273 1928 esset
296 1889 452 1940 aggredi
481 1887 616 1936 ausus,
648 1887 859 1937 Bosporum
888 1885 1056 1936 petebat.
1095 1885 1142 1925 Et
1177 1884 1372 1925 Heniochi

83 1952 241 2003 quidem
256 1950 452 1990 transitum
464 1949 568 1989 haud
583 1949 689 1988 inviti
711 1949 916 2000 dederunt:
933 1959 1000 1997 per
1015 1946 1171 1986 Achaeos
1188 1949 1224 1987 vi
1241 1949 1276 1987 Sc
1293 1960 1370 1986 ma-

83 2026 138 2054 nu
155 2013 345 2064 parandus
369 2012 464 2060 fuit,
481 2011 568 2064 qui,
584 2009 693 2061 super
709 2010 858 2049 insitam
884 2009 1096 2056 feritatem,
1116 2021 1257 2059 paucos
1280 2017 1370 2048 ante

84 2088 207 2115 annos
233 2075 333 2114 bello
361 2075 547 2125 appetiti,
570 2073 642 2112 iras
674 2072 897 2112 retinebant.
932 2072 1150 2111 Graecorum
1179 2071 1219 2110 id
1251 2083 1371 2121 genus·¹

83 2136 160 2176 effe
189 2137 373 2176 traditum
396 2135 553 2185 est3ab
582 2135 756 2183 Achaeis,
791 2136 856 2185 qui
885 2133 1074 2174 Phthiotae
1098 2134 1224 2172 vocati
1256 2132 1367 2180 sunt,

88 2199 308 2239 oriundum.
342 2199 439 2238 Inde
465 2197 526 2238 vel
553 2197 601 2237 ab
622 2196 772 2246 Jasonis
798 2196 991 2245 exercitu,
1017 2194 1079 2235 vel
1104 2193 1128 2234 'a
1153 2193 1254 2234 bello
1274 2194 1372 2239 Tro÷3

130 2331 153 2375 5
186 2333 363 2367 XXXVII.
389 2333 441 2375 Ap
445 2333 536 2376 pian-
568 2331 712 2368 Diodor.
744 2334 832 2367 Flor.
865 2342 906 2375 3
935 2341 965 2370 5.
989 2329 1090 2363 Oros.
1121 2329 1163 2370 6,
1191 2340 1224 2369 4.
1247 2328 1372 2360 Zonar-

89 2375 215 2456 {elie}
240 2345 474 2423 5ΧΧΧΥΙΡΙΙ.
497 2377 601 2415 Otos.
626 2379 666 2422 6,
691 2391 725 2423 4·
744 2374 870 2422 Vellej.
893 2375 983 2412 Flor
1002 2374 1203 2422 §XXXIX
1223 2374 1374 2420 Appiano

135 2430 157 2455 a
