1675 2959
218 124 313 173 '168
388 127 482 173 JO.
523 127 1020 179 FREINVSHEMII
1060 128 1414 181 SUPPLEM.

219 240 438 283 portaverat
473 235 661 284 Scaurus)
696 234 881 276 liberator
907 237 1164 278 Andromedae
1198 238 1350 279 Perseus
1387 239 1512 283 inter-‘2

206 293 381 336 ufeciffet.

274 356 412 399 XLIV.
448 358 538 397 Non
567 357 683 408 igitur
708 358 877 407 mirum,
907 360 933 398 fi
966 373 1035 411 per
1059 361 1163 402 hunc
1190 363 1359 403 furorem
1383 363 1424 402 in
1457 376 1511 404 aes·

221 415 391 456 alienum
426 421 570 469 grande
602 419 640 458 se
673 420 857 461 immersit
889 421 1123 466 stultiffimus
1149 425 1393 474 adolescens,
1426 439 1508 466 non

219 479 497 520 sufficientibus
538 481 832 533 opibus‚l;quas
863 492 971 533 pater
1008 485 1073 523 diu
1108 486 1286 537 princeps
1323 488 1509 536 civitatis,

220 543 258 580 ἃ
289 541 357 581 sub
388 542 536 590 justitiae
558 542 660 582 larva
698 544 859 583 minime
884 544 924 583 in
953 547 1141 596 rapiendo
1163 547 1314 599 segnis,
1343 549 1522 600 quasquev

216 611 342 643 :mater
365 605 524 644 Metella
541 637 552 653 ‚
576 607 703 661 mariti
731 606 844 646 Suflae
879 608 1224 661 proscriptionibus
1257 612 1402 658 ditata,
1427 627 1508 654 am-

217 665 401 716 pliffimas
434 667 677 717 reliquerant.
715 669 862 709 Eodem
895 683 1021 719 anno,
1055 686 1198 712 novum
1225 675 1261 714 &
1288 674 1508 716 inufitatum

217 736 352 777 antea,
380 729 662 778 delignatorum
696 730 898 771 consulum
925 734 1130 783 provinciae
1161 744 1305 774 ornatae
1337 734 1433 775 sunt.
1469 736 1510 777 P.

215 789 428 839 Lentulus,
461 792 510 841 Q.
535 792 718 835 Metellus
743 804 875 835 erant:
915 794 1009 835 alter
1033 797 1280 837 amiciffimus
1307 797 1508 846 Ciceroni;

214 852 335 901 alter,
359 855 554 905 deposita,
578 869 695 907 quam
721 869 812 896 curn
831 871 876 896 eo
902 859 1083 909 gesserat,
1110 860 1321 909 fimuitate,
1342 874 1421 900 non
1446 872 1510 900 ve-

215 915 419 956 hementer
441 918 632 958 adversus.
661 920 783 969 Igitur
806 923 893 960 οὲἒο
916 922 1061 961 tribuni
1086 923 1210 973 plebis
1235 937 1268 962 a.
1295 924 1331 963 d.
1349 924 1412 965 IV.
1434 924 1510 964 Ka-

213 975 348 1017 Iendas
375 980 614 1020 Novembres
652 982 995 1032 promulgaverunt
1029 985 1071 1022 de
1103 986 1215 1024 reditu
1241 986 1413 1024 Ciceronis
1444 984 1508 1024 lc-

217 1054 332 1092 gem,
361 1052 484 1093 eaque
509 1045 557 1083 de
585 1057 623 1082 re
650 1045 780 1094 postea
804 1044 1017 1086 retulerunt
1036 1047 1085 1084 ad
1106 1046 1291 1086 senatum.

271 1104 390 1144 XLV.
417 1105 476 1144 Ibi
502 1106 713 1155 Lentulus,
742 1105 840 1146 nihil
872 1108 1024 1146 territus
1048 1106 1133 1157 lege
1161 1107 1322 1156 Clodia,
1359 1108 1508 1149 senten.

214 1168 309 1206 tiam
337 1167 459 1207 libere
484 1170 607 1217 dixit,
636 1170 703 1210 sed
723 1201 733 1218 ‚
759 1170 891 1210 Pisone
917 1172 954 1210 &
987 1170 1150 1210 Gabinio
1182 1172 1508 1222 repugnantibus,

212 1229 312 1269 nihil
337 1229 542 1278 efficium,
564 1232 689 1270 donec
711 1231 798 1270 novi
817 1232 990 1271 consules
1018 1233 1278 1283 magistratum
1303 1234 1509 1277 iniverunt.

216 1290 336 1340 Cujus
362 1292 441 1342 ipso
477 1292 699 1343 principiog
727 1293 912 1334 Kalendis
940 1295 1154 1342 januariis,
1187 1305 1324 1346 agente
1350 1295 1509 1335 consule

211 1349 253 1393 P.
282 1353 474 1401 Lentulo,
499 1353 693 1395 sententiae
715 1356 764 1395 de
787 1357 911 1401 reditu
938 1357 1132 1396 Ciceronis
1157 1359 1199 1398 in
1226 1358 1382 1405 senatu,
1412 1372 1508 1409 prae-

213 1415 318 1454 sente
343 1415 457 1463 etiam
487 1418 522 1455 Sc
547 1418 785 1468 approbante
810 1420 1018 1469 Pompej0‚
1042 1420 1150 1459 distae
1177 1420 1275 1462 sunt.
1303 1422 1378 1462 Sed
1397 1423 1431 1461 Sc
1456 1421 1509 1472 Q.

211 1478 348 1527 Nepos
374 1477 507 1518 consul
521 1481 706 1532 sust-eptas
727 1496 802 1520 cum
823 1483 982 1521 Cicerone
1003 1483 1212 1521 inimicitias
1233 1484 1402 1522 Patribus
1427 1498 1508 1523 con-

206 1542 353 1595 scriptis
376 1543 412 1580 &
442 1544 649 1595 temporibus
679 1544 872 1596 reipublicae
906 1544 1006 1583 dixit
1043 1544 1107 1596 effe
1138 1546 1355 1598 remzffurumff
1394 1548 1506 1588 Varia

214 1610 343 1641 tamen
372 1602 639 1647 ludificatione
667 1605 817 1645 senatus
844 1607 1031 1657 impedita
1057 1608 1109 1646 est
1137 1609 1355 1648 audioritas.
1386 1609 1507 1650 Idcir-

213 1679 262 1704 co
283 1665 330 1714 Q.
357 1664 550 1705 Fabricius
572 1667 747 1706 tribunus
773 1668 915 1718 plebis,
949 1672 1149 1718 rogatione
1171 1672 1362 1721 proposita
1379 1703 1390 1718 ,
1414 1686 1504 1716 cum

213 1727 362 1779 populo
399 1739 490 1767 ante
516 1730 620 1768 diem
650 1729 738 1770 VIII
767 1730 958 1780 Kalendas
985 1731 1207 1771 Februarias
1233 1745 1343 1783 agere
1363 1734 1502 1775 statuit.

212 1789 292 1829 Sed
326 1790 366 1828 id
400 1803 554 1841 quoque
585 1805 726 1830 vanum
767 1793 964 1842 inceptum
999 1793 1278 1834 Clodianorum
1311 1796 1504 1836 efficiebat:

212 1852 398 1900 audacia,
435 1854 500 1902 qui
533 1853 652 1892 multa
678 1855 728 1894 de
758 1857 872 1894 nofte
903 1856 1073 1904 curiam,
1107 1855 1259 1902 forum,
1295 1858 1520 1899 comitium.

212 1916 347 1953 armati
374 1926 667 1965 occupaverant.

279 1978 417 2019 XLVI.
446 1979 502 2018 Ab
529 1978 586 2018 his
613 1981 661 2029 Q.
687 1979 884 2019 Fabricius
911 1979 1129 2030 repellitur;
1153 1980 1326 2030 itemque
1351 1980 1502 2031 collega

209 2042 295 2089 ejus
326 2041 380 2080 M.
409 2041 584 2091 Cispius:
616 2043 740 2080 caedes
769 2042 805 2079 in
832 2042 918 2081 foro
946 2043 1071 2081 editur
1095 2043 1273 2081 maxime.
1313 2043 1360 2092 Q
1391 2042 1504 2081 Cice-

211 2114 276 2149 ro,
311 2104 377 2151 qui
411 2116 531 2154 nuper
562 2116 610 2142 ex
635 2104 833 2153 provincia
860 2103 941 2144 Alia
966 2103 1195 2149 decefferat,
1221 2116 1308 2142 cum
1339 2105 1387 2143 ad
1415 2104 1502 2154 sup-

211 2163 441 2214 plicandum
464 2179 534 2216 pro
557 2165 676 2204 salute
705 2166 830 2207 fratris
858 2165 1037 2214 venisset,
1065 2166 1196 2215 pulsus
1223 2179 1244 2204 a
1270 2165 1417 2211 rostris,
1442 2168 1502 2204 in„

209 2232 269 2263 ter
293 2226 476 2265 cadavera
511 2226 647 2273 latuit,
676 2236 718 2265 ut
750 2227 936 2276 opinione
965 2227 1096 2267 mortis
1133 2237 1294 2265 mortem
1321 2228 1494 2266 evitaret.

206 2285 398 2338 Idemque
426 2300 505 2326 non
531 2286 656 2326 multo
683 2287 765 2338 post
790 2288 828 2329 P.
855 2289 988 2329 Sextio
1010 2289 1169 2329 tribuno
1191 2289 1316 2340 plebis
1336 2290 1375 2328 in
1402 2298 1499 2329 tem-

256 2398 277 2441 §
303 2399 423 2432 XLIII.
448 2400 520 2432 Cic.
537 2400 691 2433 familiar.
717 2410 755 2440 ς,
775 2411 817 2442 4,
839 2400 873 2434 &
896 2401 968 2445 post
991 2403 1057 2434 red.
1075 2403 1108 2434 in
1132 2402 1201 2436 sen.
1219 2415 1246 2435 c.
1263 2402 1294 2433 8.
1316 2403 1404 2435 Idem
1421 2413 1486 2447 pm

203 2442 317 2478 Plane.
344 2444 367 2490 §
393 2444 514 2479 XLIV
538 2445 611 2481 Cic.
631 2457 695 2492 pro
719 2413 1022 2492 Sexx.Livap·1t.
1045 2446 1171 2490 Ascon.
1195 2448 1232 2481 in
1254 2447 1372 2484 Scaur.
