1675 2959
262 85 360 149 '278
428 86 1055 137 jol-‘REINSHEMII
1104 85 1457 136 SUPPLEM.

266 202 477 244 cogeretur.
512 195 569 235 Ad
600 196 768 245 quinque
798 194 920 232 ferme
948 192 1149 234 hominum
1182 193 1300 233 millia
1327 194 1377 233 ad
1399 193 1550 243 Drapes

265 261 346 295 tem
372 257 563 296 Senonem
591 269 637 295 ex
666 256 756 306 fuga
781 263 1066 301 convenerunt,
1102 268 1189 294 curn
1216 256 1351 306 quibus
1373 254 1436 293 ille
1464 255 1550 293 Pro-

267 316 436 356 vinciam
463 326 542 356 erat
573 317 784 367 petiturus,
827 315 988 354 assumto
1016 317 1128 356 etiam
1162 318 1317 358 Luterio
1349 317 1550 366 cadurco,

269 376 616 430 summaexaudaciae
630 379 722 417 viro.
743 378 862 428 Igitur
877 378 1039 417 Romani
1054 380 1194 426 duces,
1216 380 1340 419 divisis
1361 378 1551 429 partibus,

273 439 317 484 C.
343 440 525 479 Caninius
560 441 599 478 in
628 441 864 480 Provinciam
894 441 1120 487 contendit,
1146 450 1188 480 ut
1218 441 1276 480 his
1307 447 1553 486 occurreret;

271 500 315 539 C.
346 501 485 540 fabius
513 501 553 539 in
584 502 767 541 Carnutes
795 501 1030 552 reliquasque
1059 501 1259 550 civitates,
1298 515 1380 552 quae
1413 499 1556 541 auxilia

271 561 478 602 Dumnaco
506 563 706 612 miserant,
730 565 919 614 impetum
946 565 1048 604 fecit.

329 624 443 664 XXI.
466 625 588 674 Atque
611 625 709 673 illae,
724 625 864 664 viribus
884 626 1038 673 accifis,
1059 632 1202 663 terrore
1218 625 1330 663 aucto
1345 655 1355 671 ‚
1370 623 1465 662 datis
1488 623 1558 662 ob-

274 683 416 724 fidibus
432 686 616 727 ‚celeriter
636 688 676 727 in
701 688 941 728 deditionem
966 696 1165 727 venerunt.
1191 689 1240 727 At
1263 687 1407 737 Drapes
1435 688 1468 726 ἃ
1485 686 1559 725 Lu-

275 748 391 785 terius
407 748 723 798 Uxellodunum,
752 749 792 787 in
821 748 1002 790 Cadurcis
1027 748 1314 787 munitiffimum
1341 747 1556 797 oppidum,

278 820 523 859 occuparant.
565 812 715 851 Eodem
749 814 785 851 ἃ
814 811 996 851 Caninius
1036 823 1124 849 cum
1159 810 1309 849 duabus
1340 807 1559 859 legionibus

276 873 477 922 procedit,
500 873 658 924 visoque
677 873 753 913 loci
779 874 867 921 suu,
893 874 1014 912 tribus
1034 873 1134 912 circa
1154 872 1279 910 castris
1298 870 1427 921 positis
1440 900 1450 917 ,
1467 882 1561 920 pau-

277 930 388 971 latim
413 935 695 974 munitionibus
709 935 887 974 claudere
909 933 1098 984 oppidum
1124 932 1293 971 instituit.
1319 932 1406 971 Erat
1430 931 1468 968 in
1485 930 1564 969 ani-

279 995 353 1034 mis
384 999 558 1036 omnium
586 1008 717 1036 recens
737 997 864 1037 Alefiae
890 996 1107 1035 calamitas:
1135 995 1330 1045 ideoque,
1354 1003 1396 1033 ut
1417 994 1469 1031 rei
1485 993 1564 1032 fru-

279 1058 476 1097 mentariae
500 1058 597 1097 ratio
625 1057 851 1103 haberetur,
884 1058 1030 1109 Drapes
1054 1059 1089 1098 ἃ
1111 1057 1308 1105 Luterius,
1336 1057 1491 1096 modico
1522 1057 1564 1094 in
1587 1098 1590 1100 ,

283 1117 380 1157 urbe
407 1118 539 1159 relic‘to
560 1119 755 1170 praesidio,
789 1128 934 1158 ceteras
959 1118 1089 1170 copias
1109 1117 1292 1157 frumenti
1319 1126 1565 1166 comportan-

285 1178 325 1218 di
351 1180 461 1220 causa
487 1180 671 1220 educunt.
704 1180 752 1221 Id
778 1193 892 1229 cum,
917 1180 1041 1219 castris
1061 1180 1159 1218 intra
1184 1179 1378 1218 decimum
1402 1177 1566 1216 milliare

283 1240 415 1291 positis
431 1270 442 1288 ,
469 1253 534 1290 per
559 1241 731 1291 angustas
760 1240 1013 1291 filvestresque
1040 1239 1191 1279 semitas
1217 1240 1257 1278 in
1280 1239 1470 1290 oppidum
1496 1238 1567 1278 im-

284 1311 440 1352 portare
466 1303 686 1354 coepissent,
711 1303 868 1354 strepitu
890 1303 1096 1354 prodente,
1122 1316 1143 1341 a
1164 1302 1328 1341 Caninio
1352 1300 1420 1340 sub
1442 1300 1568 1351 ipsam

284 1363 415 1403 lucem
444 1364 530 1404 sunt
553 1365 816 1415 circumventi.
851 1365 1050 1414 Luterius,
1084 1365 1147 1415 qui
1169 1377 1258 1404 cum
1285 1364 1570 1403 frumentatori-

288 1427 362 1465 bus
383 1435 483 1476 erat,
502 1440 591 1468 cum
615 1429 746 1479 paucis
770 1428 822 1469 ita
846 1426 1008 1478 effugit,
1029 1435 1074 1467 ut
1097 1439 1230 1467 eorum
1252 1439 1366 1467 nemo
1389 1426 1429 1465 in
1449 1425 1570 1465 castra

287 1496 549 1529 revertereturr

346 1548 482 1589 XXII.
518 1548 640 1600 Igitur
663 1548 835 1599 Drapes,
855 1549 1007 1599 ignarus
1030 1547 1204 1587 omnium
1221 1577 1234 1597 ‚
1258 1547 1382 1587 subito
1414 1546 1570 1587 Germa.

291 1611 351 1650 nis
377 1611 606 1651 irruentibus
621 1641 631 1659 ,
650 1611 846 1651 turbatur:
877 1612 988 1651 multi
1012 1612 1242 1650 occiduntur
1267 1611 1453 1658 hostium,
1470 1619 1573 1648 cete·

289 1674 348 1720 ri,
374 1682 487 1723 atque
509 1673 683 1723 inprimis
705 1674 783 1723 ipse
815 1673 917 1722 dux,
941 1674 1152 1724 capiuntur.
1192 1673 1370 1713 Caninius
1400 1673 1448 1712 ad
1477 1670 1572 1711 obfi-

288 1737 451 1777 dionem
480 1735 716 1776 Uxelloduni
755 1737 879 1776 redit:
913 1737 1053 1776 eodem
1086 1738 1122 1776 &
1151 1736 1290 1776 Fabius
1314 1736 1466 1774 accedit
1496 1747 1574 1785 po-

292 1800 429 1840 stridie.
469 1799 520 1838 ita
547 1800 721 1850 pluribus
744 1813 790 1838 ex
817 1800 986 1850 partibus
1019 1812 1134 1850 opera
1159 1799 1480 1839 administrantur.
1509 1797 1571 1837 In-

292 1871 396 1900 terea
424 1860 570 1907 Caesar,
603 1861 735 1901 relic'to
765 1863 802 1900 in
832 1861 1042 1902 Bellovacis
1066 1862 1248 1911 quaestore
1287 1860 1344 1901 M.
1378 1855 1573 1908 Antonio,

294 1923 478 1964 Carnutes
504 1924 597 1963 adiit
614 1954 624 1971 ‚
656 1924 969 1974 concitoremque
994 1924 1085 1963 belli
1104 1925 1355 1963 Guturvatum
1385 1921 1572 1974 supplicio

298 1987 438 2027 affecit.
484 1988 648 2038 Cognita
683 1987 827 2026 deinde
863 1987 1004 2026 crebris
1035 1987 1178 2026 nuntiis
1209 1984 1574 2032 Uxellodunenfium

295 2054 534 2102 pervicacia,
567 2052 791 2090 faciundum
820 2049 886 2089 fibi
919 2049 1068 2097 statuit,
1104 2057 1148 2087 ut
1175 2047 1256 2099 ipse
1283 2061 1330 2086 eo
1358 2046 1575 2098 proficisce-

297 2124 426 2160 retur,
454 2126 523 2161 ne,
548 2114 570 2152 fi
601 2127 722 2152 unum
749 2113 939 2163 oppidum
966 2113 1108 2151 diutius
1134 2110 1339 2158 restitisset,
1361 2109 1575 2149 universam

297 2175 457 2216 Galliam
482 2176 529 2214 ad
556 2177 650 2214 vires
680 2177 816 2214 iterum
841 2174 1043 2214 tentandas
1068 2173 1296 2213 sollicitaret.

349 2236 502 2282 XXIII.
533 2236 733 2286 Postquam
765 2234 1053 2276 Uxellodunum
1080 2233 1200 2274 Caesar
1223 2232 1356 2279 venit,
1379 2231 1575 2284 inspeetis·

347 2365 368 2408 ς
395 2364 468 2398 XX.
505 2363 607 2396 Oros.
638 2363 729 2398 Hirt.
758 2363 874 2398 frons.
898 2364 1000 2398 Sti-at.
1024 2373 1065 2404 2,
1096 2371 1150 2405 19.
1178 2361 1200 2406 5
1229 2359 1322 2394 XXI.
1347 2358 1447 2399 Oros.
1474 2356 1567 2391 Hirr.

299 2409 324 2454 5
350 2410 458 2444 XXII.
485 2407 586 2443 Oros.
605 2407 699 2444 Hirt-
