1675 2959
268 140 360 205 362
428 142 523 192 JO.
562 138 1070 190 FREINSHEMII
1108 139 1472 188 SUPPLEM:

263 247 428 289 homine
466 249 606 289 diserto
639 249 869 298 jamdudum
898 249 1079 288 seditiolis
1112 248 1363 288 concionibus
1401 246 1545 286 aliena-

263 316 346 348 tam
371 311 525 362 plebem
552 310 784 350 inveniebat.
814 309 942 347 Facile
966 309 1080 358 igitur
1103 309 1257 348 indusla
1279 308 1357 356 est,
1380 307 1479 346 utin
1503 305 1549 346 C.

261 369 508 412 Trebonium
530 372 674 410 faceret
703 371 911 419 impetum,
933 382 1119 419 eumque,
1145 370 1350 409 vulneratis
1378 366 1546 407 nonnul-

264 431 340 481 lis,
366 434 413 472 de
442 431 622 472 tribunali
648 430 878 470 deturbaret.
918 430 994 470 Sed
1028 430 1060 468 is
1086 431 1244 480 quidem
1268 437 1415 469 mutata
1448 427 1549 466 veste

228 541 231 543 ‚
262 494 379 545 fugit.
413 497 460 535 At
483 493 663 534 Servilius
699 492 853 540 consul,
886 493 1087 532 advocatis
1106 505 1155 531 ex
1171 493 1306 531 itinere
1335 491 1546 539 militibus,

267 558 335 605 qui
358 557 396 594 in
423 555 584 595 Galliam
613 554 918 602 destinabantur,
939 553 1185 604 praesidioque
1206 552 1282 592 hoc
1305 555 1450 592 curiam
1466 564 1553 590 mu-

266 619 400 663 niens,
424 617 472 655 de
498 615 556 655 his
577 615 688 668 rebus
711 616 760 654 ad
787 614 957 654 senatum
978 613 1119 653 retulit.
1143 615 1294 660 Patres,
1318 615 1553 665 removendum
1598 644 1601 647 .

263 695 291 718 a
307 680 484 731 republica
504 678 664 726 Caelium,
693 677 930 715 censuerunt.
957 677 1107 716 Tamen
1130 686 1288 726 propter
1317 673 1553 713 interceffio-
1575 693 1577 695 ·

266 753 357 779 nem
397 740 640 780 tribunitiam
680 738 1048 778 senatusconsultum
1074 751 1154 777 non
1171 738 1315 789 ”potuit
1345 737 1450 777 fieri:
1481 749 1555 775 au-

270 802 424 841 c‘toritas
451 801 662 852 perscripta
683 802 748 841 est.
1453 811 1455 813 ’

323 863 418 903 XX.
450 863 526 903 Sed
549 862 746 902 consulem
779 860 928 901 tabulas
953 861 1084 912 legum
1117 860 1448 912 promulgatarum
1478 855 1557 897 tol-

265 921 347 962 lese
375 922 616 973 aggressum,
652 922 797 962 Coelius
840 935 906 972 per
939 923 1020 961 vim
1057 924 1094 961 ὃς
1131 922 1361 961 seditionem
1402 917 1556 970 repulit.

267 985 412 1026 Iterum
439 999 529 1036 ergo
552 988 729 1033 camelus,
754 984 931 1024 adhibito
955 985 1150 1035 praesidio,
1175 983 1328 1024 senatus
1347 984 1463 1022 videre
1477 993 1559 1018 con-

264 1047 378 1101 sulem
402 1048 529 1096 justit,
555 1063 597 1085 ne
621 1048 707 1099 quid
729 1046 921 1098 respublica
942 1046 1133 1083 detrimenti
1163 1057 1345 1098 pateretur.
1380 1045 1464 1084 Hac
1497 1057 1560 1086 ac-

268 1118 384 1159 cepta
424 1110 632 1160 potestate,
665 1107 796 1147 sellam
831 1107 943 1147 Coelii
973 1106 1144 1146 curulem
1173 1107 1297 1156 fregit.
1329 1115 1368 1146 at
1394 1106 1460 1147 ille
1489 1121 1560 1159 po«.

266 1168 342 1209 suit
365 1170 523 1211 alteram
544 1170 633 1209 loris
663 1170 877 1208 intentam:
910 1168 1025 1206 tacite
1047 1167 1213 1206 illudens
1247 1167 1472 1216 consulem,
1490 1171 1559 1220 qui

268 1232 466 1283 aliquando
485 1234 614 1285 flagris
645 1232 752 1283 ccefics
786 1232 830 1269 ab
857 1232 1014 1284 Isaurico
1035 1243 1134 1282 patre
1163 1230 1374 1275 dicebatur.
1406 1231 1466 1270 Ad
1491 1244 1561 1270 ex-

268 1303 438 1339 tremum
467 1304 596 1340 tamen
625 1295 795 1346 superior
824 1296 859 1333 δι
886 1296 971 1343 jure
996 1296 1032 1335 &
1058 1295 1232 1344 potentia
1257 1293 1414 1343 consul,
1439 1294 1558 1334 Coelii

274 1367 403 1406 partes
432 1357 496 1394 alii
521 1356 676 1396 cuidam
708 1355 861 1405 praetori
891 1355 1163 1394 demandavit:
1198 1355 1323 1405 ipsum
1348 1358 1383 1395 δε
1408 1355 1492 1394 foro
1521 1358 1560 1395 St

275 1417 381 1455 curia
406 1418 588 1465 exclusit,
613 1417 882 1468 volentemque
908 1418 1126 1456 concionari
1151 1418 1199 1457 de
1232 1419 1355 1457 rostris
1379 1419 1557 1458 detraxit.

232 1525 250 1534 ἱ
274 1479 446 1529 Coelius,
465 1481 677 1531 ignominia
701 1480 809 1519 simul
830 1482 960 1530 iraque
981 1488 1204 1530 permotus,
1233 1481 1282 1518 ad
1306 1481 1561 1530 Pompejanos

273 1541 438 1591 scripsit,
465 1543 501 1579 in
527 1545 639 1581 urbem
669 1555 734 1582 eos
762 1542 979 1588 advocans,
1006 1542 1175 1579 nudatam
1195 1542 1364 1593 praefidiis
1375 1541 1558 1593 ficturam,

273 1604 311 1643 ὁ·
326 1603 585 1656 studiopopuli
603 1605 798 1656 proniorem
823 1604 861 1640 in
885 1602 971 1640 illas
993 1614 1113 1653 partes
1128 1632 1141 1649 ,
1174 1616 1388 1654 vacuamque
1411 1603 1562 1643 Italiam

274 1666 488 1706 ostentans:
513 1666 618 1715 quod
642 1667 758 1705 etiam
788 1663 1075 1704 saluberrimum
1097 1663 1173 1702 illis
1201 1664 1372 1714 partibus
1400 1664 1536 1705 fuerat.

331 1727 444 1767 XXI.
479 1728 583 1767 Milic
604 1729 719 1766 etiam
742 1727 789 1766 ad
809 1727 855 1767 T.
889 1726 1055 1766 Annium
1086 1725 1278 1765 Milonem
1309 1725 1562 1765 clandestinos

273 1790 459 1836 nuntios,
494 1801 607 1839 quem
634 1787 935 1828 inimiciffimum
963 1787 1095 1828 Caesari
1124 1796 1303 1835 noverat,
1336 1797 1565 1838 propterea,

280 1851 385 1899 quod
415 1850 592 1889 restitutis
622 1850 835 1898 exsulibus,
870 1849 970 1888 solus
997 1848 1061 1888 ille
1087 1849 1253 1888 reditum
1280 1863 1360 1888 non
1387 1851 1566 1899 impetra-

281 1927 399 1954 verat.
442 1914 674 1965 Magnorum
708 1915 790 1953 haec
825 1914 896 1953 effe
921 1922 1098 1952 motuum
1136 1913 1245 1952 initia
1276 1920 1476 1963 poterant,
1509 1912 1565 1951 vi-

280 1977 332 2014 ris
354 1975 463 2015 claris
480 1978 514 2015 &-
533 1977 745 2015 audacibus
768 1975 857 2014 talia
878 1974 1148 2022 molientibus,
1171 1985 1359 2025 occupato
1376 1974 1466 2013 alibi
1485 1974 1564 2013 Cae-

280 2040 361 2078 sare
377 2069 385 2084 ,
420 2042 455 2078 &
476 2039 726 2079 incertissimis
751 2040 863 2089 plane
886 2038 1133 2088 temporibus.
1168 2039 1347 2078 Ceterum
1381 2050 1430 2076 ex
1454 2046 1566 2076 tanto

283 2112 391 2139 metu
417 2101 588 2140 celeriter
614 2103 649 2141 δε
678 2103 767 2140 citra
788 2102 1060 2140 detrimentum
1087 2100 1129 2138 hi
1153 2110 1311 2139 conatus
1331 2100 1376 2137 in.
1397 2097 1564 2137 nihilum

286 2163 497 2201 evalerunt.
515 2166 660 2213 quippe
675 2163 863 2204 Milonem
879 2195 893 2210 ,
910 2164 1104 2201 contracto
1127 2161 1372 2211 fugitivorum
1395 2159 1567 2198 exercitu

284 2224 499 2274 profectum
528 2224 566 2261 in
598 2224 871 2273 Campaniam,
902 2226 937 2262 <82
965 2223 1067 2272 quali
1091 2222 1273 2261 mandato
1295 2220 1468 2270 Pompeji
1494 2220 1564 2258 ho.

285 2286 410 2324 mines
432 2284 726 2333 sollicitantem,
749 2295 937 2336 quotquot
958 2285 1008 2325 ob
1037 2298 1085 2325 aes
1110 2284 1275 2325 alienum
1290 2313 1301 2331 ‚
1324 2291 1391 2322 aut
1420 2283 1567 2322 facino.

342 2409 364 2451 §
389 2408 480 2441 XIX.
506 2408 587 2442 Dio.
607 2409 732 2452 Vellej.
760 2410 833 2440 Cic.
857 2408 942 2440 Caes.
973 2408 993 2452 ξ
1020 2409 1094 2444 XX.
1119 2408 1195 2441 [ἓν.
1223 2409 1316 2452 Epir.
1342 2408 1424 2441 Dio.
1451 2407 1564 2451 Quin·

294 2452 362 2489 Stil.
382 2454 425 2495 6,
449 2465 481 2498 3.
511 2453 594 2488 Caes.
615 2453 690 2488 Cic.
719 2453 840 2497 Vellej.
860 2465 900 2495 2,
925 2465 975 2494 52.
