1675 2959
270 114 359 147 112
426 98 517 145 JO.
551 95 1045 143 FREINSHEMH
1092 90 1455 140 SUPPLEM.

263 209 361 248 state
393 207 567 246 nondum
610 212 805 251 uteretur,
843 203 1067 241 auctoritate
1100 199 1335 252 permultum
1375 203 1550 250 poterat}

232 298 236 300 ἡ
265 273 366 312 adeo
391 270 546 320 quidem
561 298 573 316 ‚
600 275 641 305 ut
664 265 732 305 sub
754 265 872 304 finem
899 263 1015 312 hujus
1037 265 1155 310 anni,
1182 260 1476 312 Compitalicios
1498 259 1557 297 lu-

267 334 360 380 dos,
377 342 473 381 quos
496 331 654 367 auctore
676 326 833 365 tribuno
855 326 1025 375 quodam
1044 325 1166 375 plebis
1192 322 1556 375 magistribvicorum

267 393 406 434 fleturi
435 399 569 438 erant,
603 388 769 439 privatus
792 387 922 426 adhuc
947 387 1030 426 fieri
1054 387 1289 438 prohiberet.

324 456 418 496 LIV.
449 454 595 494 Eodem
626 464 727 490 anno
752 451 811 491 M.
835 450 1013 492 AEmilius
1039 451 1230 499 Scaurus,
1268 449 1332 500 qui
1356 447 1509 488 renerus
1535 456 1559 484 a

264 517 454 567 Pompejo
474 527 564 552 cum
588 511 804 566 legionibus
836 513 877 551 in
902 513 1008 563 Syria
1033 512 1183 560 fuerat,
1209 511 1359 551 Petram
1387 507 1557 549 Arabum

263 578 543 622 Nabataeorum
571 573 805 624 metropolin
838 573 1052 625 aggressus,
1079 586 1168 613 cum
1195 573 1341 611 famem
1365 569 1558 610 exercitus

267 648 464 692 pateretur
497 637 593 676 locis
623 634 870 683 difficilibus,
904 636 1150 685 Antipatrum
1177 634 1227 673 ad
1257 630 1422 673 Aretam*
1434 628 1560 671 misit,

268 715 350 753 quo
386 700 626 740 deditionem
663 697 850 736 suaderet.
896 697 984 736 Hoc
1023 695 1262 736 internuntio
1299 695 1485 745 paetum,
1521 702 1562 729 ut

217 767 221 772 ’
268 777 422 806 trecenta
459 763 593 802 talenta
620 762 780 798 Romano
814 761 988 798 darentur.
1028 757 1175 797 bellum
1204 759 1316 798 Areta
1340 757 1559 804 Scauroque

269 824 492 866 volentibus
528 823 742 870 diremtum,
767 820 844 869 est3
881 821 999 871 idque
1027 820 1252 871 adjumento
1287 819 1362 858 fuit
1389 819 1558 861 smum,

270 899 315 929 ut
342 887 569 927 destinatam
596 885 654 926 Μ.
676 883 801 924 Pisoni
828 883 1092 934 provinciam,
1126 884 1167 921 in
1196 881 1358 921 alterum
1385 891 1557 924 annum,

268 950 470 990 annitente
500 948 715 993 Cicerone,
751 947 944 984 retineret.
979 946 1021 986 L.
1050 946 1190 985 deinde
1210 944 1389 984 Afranius
1405 973 1415 990 ,
1442 943 1485 981 A.
1511 939 1554 980 F.

272 1012 323 1062 Q.
357 1010 534 1052 Caecilius
568 1009 617 1058 Q.
643 1008 686 1048 F.
711 1007 894 1048 Metellus
925 1007 1035 1046 Celer
1063 1007 1237 1046 consules
1264 1007 1456 1044 inierunt:
1489 1014 1559 1052 pro

272 1075 439 1126 quibus,
464 1075 523 1113 uti
546 1072 853 1122 defignarentur,
873 1070 1050 1108 maximis
1072 1068 1338 1120 largitionibus
1358 1061 1563 1117 pugnavis-

272 1138 313 1178 se
339 1138 567 1186 Pompejum
595 1132 842 1172 narravimus.
1482 1141 1500 1167 ,⁴

328 1199 401 1239 LV.
422 1197 497 1237 Sed
521 1195 577 1234 illi
600 1194 686 1245 plus
712 1192 892 1232 molestiae
919 1194 954 1232 δι
979 1191 1272 1243 impedimenti,
1296 1202 1436 1240 quam,
1454 1186 1561 1240 quod

267 1261 506 1313 speraverat,
527 1256 684 1305 auxilii,
709 1255 825 1294 tantis
849 1255 1027 1306 impensis
1051 1255 1247 1305 quaesitum
1271 1254 1332 1293 est.
1367 1253 1466 1293 Nam
1493 1253 1562 1291 ho-

269 1336 357 1362 1urn
386 1333 529 1371 opera,
563 1328 650 1358 tum
684 1316 756 1356 alia
774 1348 786 1367 ,
811 1330 894 1367 quae
929 1316 1070 1366 vellet,
1096 1316 1351 1356 all‘ecuturum
1385 1305 1561 1365 rebatur-3

268 1393 354 1424 tum
378 1383 434 1423 uti
454 1384 537 1422 afta
556 1381 622 1420 sua
647 1379 986 1420 confirmarentur:
1004 1393 1050 1419 eo
1072 1381 1191 1430 magis
1207 1410 1219 1427 ‚
1240 1379 1344 1431 quod
1366 1379 1482 1431 legati
1505 1380 1565 1421 sui

270 1448 321 1501 agl
350 1445 560 1485 exercitum
593 1456 754 1494 operum
786 1442 1022 1486 summorum
1052 1442 1232 1492 praecipui
1258 1442 1415 1481 ministri
1442 1442 1563 1482 iidem

271 1509 328 1548 illi
351 1510 514 1548 fuerant.
536 1505 716 1545 Ceterum
733 1503 907 1544 Afranius
930 1503 1118 1555 saltandi,
1147 1516 1262 1553 quam
1284 1501 1562 1554 negotiorum,

271 1570 457 1623 peritior,
481 1566 578 1606 nihil
607 1567 642 1606 ei
665 1566 823 1617 profuit.
854 1565 1037 1606 Metellus
1062 1565 1175 1604 etiam
1200 1564 1330 1604 obfuit
1358 1565 1406 1604 ab
1431 1567 1485 1605 ira
1509 1567 1566 1605 di·

272 1632 392 1672 miffae
413 1631 580 1678 Muciae,
607 1641 724 1679 quam
755 1627 920 1668 sororem
947 1627 1121 1675 Metelli,
1146 1640 1233 1667 cum
1264 1626 1424 1666 haberet
1449 1641 1495 1667 ex
1519 1641 1565 1668 ea

271 1695 437 1740 liberos,
462 1693 666 1742 Pompejus
693 1692 970 1741 repudiaverat.
997 1690 1219 1730 Accedebat
1240 1689 1465 1729 excellentis
1484 1690 1582 1742 glo-.

272 1758 338 1798 13ae
362 1763 545 1806 perpetua
573 1766 703 1792 comes
728 1753 900 1792 invidia:
932 1762 1114 1803 praeterea
1140 1751 1349 1792 simultates
1371 1765 1460 1792 cum
1486 1767 1565 1792 ma·

273 1819 391 1858 ximis
415 1817 502 1856 vitis
528 1814 688 1856 Lucullo
720 1814 961 1864 Metelloque
978 1843 989 1861 ,
1015 1825 1146 1863 graves
1177 1813 1327 1863 potius,
1355 1826 1470 1864 quam
1495 1815 1565 1854 ini-

277 1894 388 1931 quae,
411 1891 507 1929 quos
534 1879 639 1928 prior
666 1879 701 1916 &
727 1877 801 1915 sine
827 1875 938 1914 causa
961 1873 1188 1915 offenderat.

330 1942 428 1982 LVI.
463 1942 582 1991 igitur
607 1939 815 1988 Lucullus,
855 1939 918 1989 qui
947 1939 995 1976 de
1026 1947 1153 1977 cetero
1181 1936 1217 1976 se
1242 1937 1392 1987 penitus
1415 1938 1494 1978 otio
1518 1952 1564 1979 ac

275 2004 539 2055 voluptatibus
566 2003 794 2050 tradiderat,
821 2012 954 2052 praeter
976 2001 1121 2052 pristini
1151 2000 1295 2040 doloris
1321 2001 1490 2041 stimulos
1515 2002 1563 2042 ab

275 2066 524 2118 optimatibus
553 2065 750 2105 nonnullis
782 2065 984 2111 incitatus,
1016 2066 1055 2102 in
1083 2063 1253 2103 senatum
1279 2065 1414 2111 venit,
1447 2065 1565 2104 Pom-

276 2131 469 2181 pejoque,
493 2141 573 2166 rata
602 2129 719 2167 haberi
744 2131 822 2167 αέῖα
849 2128 917 2179 fizd
946 2125 1175 2177 postulanti,
1204 2127 1385 2165 acerrime
1406 2125 1564 2175 restitit3

278 2205 410 2244 aequum
432 2191 494 2243 ‘ffi
512 2192 613 2243 prius
630 2222 641 2240 ‚
663 2204 701 2228 ut
721 2192 866 2242 senatus
900 2190 1084 2243 cognoscat
1102 2192 1145 2227 ‘de
1159 2189 1333 2241 ν[ι’]ιὲῃιίιέ,
1359 2188 1562 2230 dictitans:

276 2267 360 2291 nam
387 2264 426 2290 ιιι
447 2251 638 2305 promiscue
661 2250 779 2288 omnia
802 2251 959 2303 ignaris,
985 2250 1107 2302 qualia
1131 2249 1370 2302 qumquefint‚
1396 2249 1565 2288 Patribus

335 2372 357 2416 ς
383 2371 453 2403 LV.
480 2371 558 2403 Cic.
589 2371 627 2403 ad
651 2370 754 2403 Attic.
793 2382 827 2411 ι,
858 2381 892 2412 ¹3
921 2369 953 2402 ἃ·
983 2370 1033 2402 16.
1064 2370 1207 2406 Diodot.
1233 2372 1256 2405 l.
1283 2381 1335 2415 37.
1367 2369 1491 2414 Vellei.
1524 2380 1565 2412 2,

284 2426 340 2460 40.
366 2415 453 2450 Flor.
472 2427 514 2458 4,
540 2426 571 2449 2.
585 2415 684 2457 flat.
710 2417 744 2448 in
774 2415 904 2449 Lucuu.
924 2427 951 2448 c.
977 2415 1030 2449 88.
