1675 2959
397 116 477 168 1N
509 118 681 168 too.
732 119 862 169 ΜΒ.
900 117 940 170 c
979 120 1120 172 ιιν.
1350 121 1412 192 292

125 232 245 274 equos
268 225 520 275 confoderet3
548 225 680 267 multis
702 227 942 279 fortibusque
970 223 1058 269 viris
1081 229 1246 281 amiffis,
1279 233 1329 272 ad
1348 246 1413 274 ca..

121 285 193 325 stra
221 288 452 339 refugerunt.

177 348 309 389 XXII.
348 351 477 390 secuti
510 350 598 390 sunt
626 352 817 400 vietores,
854 352 1194 405 irrumpebantque
1218 367 1306 394 cum
1342 357 1418 414 fu-‚

117 409 336 460 gientibus,
366 412 433 451 nifi
462 413 737 461 Mithridates,
771 427 811 454 re
838 417 1014 466 provisa,
1041 414 1217 468 peditum
1242 418 1411 468 phalam¹

117 483 204 520 gem
221 472 467 524 opposuisset.
495 475 583 516 Hoc
606 476 809 526 proelium,
827 477 993 518 detracta
1018 480 1120 530 regi,
1144 493 1259 530 quam
1281 482 1402 522 habe.

117 531 184 572 bat
203 535 243 573 in
260 536 493 585 equestribus
514 537 662 587 copiis,
683 537 848 586 fiducia,
869 541 1015 589 magnis
1044 541 1261 580 commodis
1279 543 1402 582 vieto.

113 605 195 634 rem
217 599 430 638 exercitum
454 600 574 638 auxit.
601 599 782 649 brevique
803 598 958 638 liberior
982 600 1092 651 ipsis,
1116 602 1306 653 angustior
1332 602 1406 643 ho..

111 655 157 696 sti
188 657 468 709 frumentatio,
505 660 787 701 abundantiam
822 662 1004 702 Romanis
1042 664 1190 713 castris,
1227 666 1403 716 inopiam

112 720 149 759 &
176 733 284 770 paene
323 723 627 774 desperationem
659 726 772 776 regiis
795 725 935 765 attulit.
975 727 1076 766 Nam
1105 727 1146 765 in
1180 727 1403 777 regionibus

107 781 225 831 paulo
264 792 353 824 ante
386 798 455 836 per
495 786 702 826 Lucullum
739 787 886 828 vastatis
920 789 1071 838 exiguae
1105 788 1225 837 copiae
1261 799 1401 839 crant;

108 853 235 892 neque
272 845 385 885 acciri
421 845 602 899 longius,
636 847 810 898 equitatu
842 859 983 897 magna
1015 859 1064 887 ex
1098 856 1206 899 parte
1238 849 1399 900 amisso,

104 914 296 955 poterant.

160 969 315 1010 XXIII.
344 970 465 1021 Igitur
490 971 623 1011 crebra
648 971 793 1011 fiebant
820 971 869 1011 ad
895 971 1125 1022 PompeJum
1158 974 1393 1026 transfugia:

102 1029 240 1080 quibus
265 1031 442 1072 efferatus
466 1034 736 1082 Mithridates,
766 1047 862 1085 quos
895 1036 1032 1075 eadem
1060 1034 1217 1075 molitos
1247 1049 1393 1087 cogno-

98 1100 231 1139 verat,
271 1095 520 1134 acerbissimis
559 1095 759 1148 suppliciis
795 1096 1003 1136 afficiebat.
1055 1095 1151 1135 Inde
1187 1100 1391 1147 pauciores

98 1153 199 1201 jam,
237 1154 288 1194 ob
315 1158 626 1207 magnitudinem
656 1170 780 1208 poenae
804 1157 990 1197 deterritis
1016 1155 1236 1208 plerisque,
1267 1166 1390 1197 trans..

95 1214 322 1266 fugiebant:
355 1217 424 1258 sed
462 1232 542 1258 non
578 1220 666 1260 ideo
704 1218 870 1259 cessabat
904 1219 1087 1270 penuria,
1120 1231 1204 1269 quae
1229 1220 1394 1260 tandem»

94 1277 210 1317 etiam
233 1278 395 1319 invitum
423 1281 471 1320 ad
500 1282 681 1321 interiora
706 1283 812 1333 regni
837 1281 895 1321 sui
920 1280 1189 1322 Mithridatem
1215 1284 1379 1323 retrusit.

93 1340 181 1381 Una
192 1340 277 1391 spes
297 1351 379 1382 erat
395 1373 406 1390 ‚
429 1343 625 1393 futurum,
644 1352 688 1384 ut
703 1345 744 1384 in
768 1343 864 1383 locis
890 1343 997 1383 omni
1021 1341 1132 1382 clade
1157 1342 1246 1383 belli
1270 1357 1384 1384 vexa-

92 1403 141 1442 tis
163 1416 244 1443 non
271 1406 336 1445 diu
365 1408 502 1447 durare
530 1408 729 1448 Romanus
742 1392 889 1458 ‘possen
922 1419 1006 1445 eam
1032 1406 1176 1446 irritam
1203 1407 1383 1458 Pompeji

90 1467 336 1516 providentia
361 1470 474 1519 fecit,
508 1472 599 1520 qui,
629 1470 789 1510 dimiffis
825 1470 873 1509 ad
895 1469 1104 1519 longinqua
1127 1469 1383 1511 frumentato.

86 1527 214 1580 ribus,
229 1531 438 1572 maximam
454 1545 614 1572 annonae
636 1532 714 1573 vim
735 1546 756 1572 a
773 1541 878 1583 tergo
897 1530 1057 1570 subvehi
1081 1531 1247 1580 jusserat.
1274 1533 1376 1575 Cum

87 1593 179 1632 effet
194 1594 354 1645 adeptus
371 1595 518 1635 hostem
530 1626 540 1644 ,
556 1596 604 1635 ad
624 1594 851 1635 orientalem
870 1595 976 1646 regni
994 1593 1146 1645 plagam
1158 1595 1375 1645 τεάειξὶυῑῃ,

85 1655 377 1697 circumvallare
401 1670 568 1708 pugnam
595 1658 840 1698 detrectantis
873 1658 988 1697 castra
1010 1659 1155 1708 coepit,
1191 1656 1294 1697 vallo
1319 1659 1376 1697 vi-

83 1716 180 1765 ginti
205 1718 327 1759 ferme
356 1719 604 1768 milliarium,
647 1720 862 1773 crebrisque
892 1720 934 1759 in
972 1719 1178 1759 circumitu
1210 1719 1374 1760 castellis

85 1779 348 1820 exaedificatis.

138 1843 285 1884 XXIV.
318 1845 363 1885 Id
387 1858 485 1896 opus
510 1844 780 1895 Mithridates,
803 1846 877 1885 five
905 1844 1086 1897 proelium
1111 1845 1233 1884 vitans
1248 1877 1260 1893 ,
1290 1846 1366 1885 five

76 1914 147 1953 per
169 1904 469 1956 imprudentiam
484 1940 499 1957 ,
527 1921 610 1958 quae
636 1908 756 1947 ferme
780 1909 994 1960 praecedere
1021 1907 1284 1947 calamitatem
1308 1908 1366 1948 so-

79 1967 154 2019 let,
184 1983 264 2009 non
293 1971 511 2022 impedivit.
543 1972 661 2012 Fame
688 1984 779 2011 mox
808 1980 989 2022 urgente,
1017 1970 1206 2021 quidquid
1236 1972 1277 2010 in
1302 1984 1368 2011 ca-

77 2030 160 2069 stris
196 2033 460 2081 jumentorum
491 2042 596 2081 erat,
625 2031 855 2079 consumsit3
893 2044 965 2070 nec
999 2031 1050 2070 fic
1075 2031 1233 2081 quidem
1265 2030 1365 2071 ultra

75 2092 249 2144 quinque
270 2096 305 2134 ἃ
321 2095 572 2146 quadraginta
592 2095 675 2134 dies
695 2094 909 2133 sufficiente
925 2094 1042 2133 viem.
1065 2093 1243 2132 Praeterea
1265 2091 1365 2132 mui-

73 2162 134 2194 tos
164 2157 214 2195 ad
240 2156 467 2208 Pompejum
504 2158 701 2198 Romanos
738 2156 880 2196 milites
907 2157 1035 2196 venire
1067 2155 1262 2206 quotidie,
1291 2164 1359 2195 to-

71 2223 232 2268 tumque
246 2219 381 2259 Marcii
397 2220 513 2271 Regis
531 2220 766 2267 exercitum,
783 2218 979 2258 didicerat.
994 2218 1115 2269 Igitur
1128 2218 1259 2268 fugam
1275 2231 1355 2257 me-

72 2277 220 2329 ditans,
252 2293 328 2332 quo
350 2280 550 2321 confilium
573 2280 684 2321 suum
708 2281 906 2321 occultum
926 2280 1052 2330 foret,
1079 2281 1192 2321 solito
1214 2280 1352 2329 latius,

124 2398 146 2441 5
172 2398 262 2431 XXI.
282 2399 422 2433 Diodor.
453 2401 599 2445 Appian.
628 2400 744 2434 Front.
774 2401 798 2446 §
822 2402 930 2438 XXII.
951 2399 1242 2447 Appiam‘ftont.
1262 2398 1351 2434 Dio«

68 2439 145 2488 ⁸dor.
167 2443 190 2488 §
215 2443 341 2494 XXIII.
362 2445 480 2482 Front.
507 2458 545 2489 1,
569 2457 618 2490 17.
639 2445 789 2491 Appian.
