1675 2959
267 78 361 139 264
428 79 526 129 JO.
571 82 1083 136 FREINSHEMII
1115 90 1480 147 SUPPLEM

257 186 441 228 1=iffimum
462 198 540 229 erat
560 191 648 230 anni
674 199 853 241 tempus,
879 206 956 243 quo
977 198 1092 236 tantis
1113 200 1189 250 tegi
1210 201 1363 242 nivibus
1390 199 1539 247 Ceben:

257 262 307 289 na
330 249 447 299 solet,
476 264 517 290 ut
542 253 605 291 vix
637 255 828 302 expeditis
857 257 892 294 ἃ
922 256 1072 307 fingulis
1100 273 1145 300 eo
1173 272 1347 314 ternpore
1373 269 1464 307 anni
1495 269 1541 308 fi&

256 311 490 362 superabilis.
529 314 646 362 Quod
676 324 806 353 tamen
839 319 1013 358 nondum
1046 321 1131 363 satis
1155 327 1203 364 ad
1232 327 1374 367 bellum
1401 330 1540 370 virium

256 371 427 414 habebat
445 406 456 423 ‚
484 375 604 415 biduo
640 386 832 425 moratus,
866 392 943 428 quo
969 381 1319 439 Vercingetorigem
1352 404 1398 430 ex
1425 392 1541 431 Bitu-

255 436 402 486 rigibus
429 436 660 484 attraheret,
690 437 837 496 surnma
863 440 1056 482 celeritate
1081 446 1289 498 Viennam,
1320 452 1459 492 deinde
1473 466 1542 503 per

256 496 352 536 fines
389 497 600 537 AEduorum
625 499 666 538 in
697 499 891 551 Lingones
921 506 1132 546 contendit.
1177 509 1271 549 Inde
1299 514 1350 552 ad
1377 516 1541 565 reliquas

257 556 430 607 legiones
461 559 583 605 misit,
606 568 721 610 atque
741 563 795 600 ita
826 575 872 602 ex
893 564 1118 606 distantibus
1138 568 1311 611 hibernis
1343 578 1542 616 contracto

258 619 454 667 exercitu,
485 619 823 663 Vellaunodunum
860 628 1006 676 movit3
1036 629 1108 668 iter
1136 641 1331 682 aperturus
1363 637 1402 675 in
1428 638 1543 687 Bojo-

255 692 341 721 xum
369 680 485 728 fines,
515 694 677 730 quorum
707 685 898 735 oppidum
926 686 1212 740 Vercingetorffi
1240 697 1500 746 oppugnabat.

319 740 414 781 LIV.
454 742 754 796 Vellaunoduno,
781 747 979 787 Senonum
1016 751 1114 790 intra
1150 754 1320 795 triduum
1353 768 1540 808 recepto,

258 803 460 842 Genabum
488 807 680 849 exercitus
707 808 870 849 ducitur.
904 811 1144 854 Genabenses
1161 845 1172 863 ‚
1196 819 1301 867 quod
1325 819 1466 859 diutius
1489 821 1543 860 ad

257 864 595 906 Vellaunodunum
621 880 835 920 pugnatum
861 873 904 910 iri
928 884 1178 925 putaverant,
1207 880 1381 930 imparati
1410 883 1459 921 ad
1485 895 1544 921 re-

243 926 459 983 ,fistendum
473 960 483 975 ‚
511 932 628 970 noeto
643 940 744 973 trans
762 933 927 984 Ligerim
945 945 1141 979 tentarunt
1161 941 1291 992 fugam
1309 957 1316 983 :
1338 944 1403 983 sed
1418 944 1543 984 Caesat

257 990 351 1029 duas
373 990 543 1042 legiones
557 1023 567 1041 ‚
595 1007 688 1042 quas
709 1006 855 1044 paratas
871 997 908 1036 in
925 996 1027 1037 hunc
1043 1000 1150 1039 usum
1168 1011 1340 1043 tenuerat
1354 1036 1364 1049 ,
1380 1006 1542 1046 incensis

254 1053 396 1102 portis,
418 1053 635 1103 intromifit3
658 1056 879 1107 oppidoque
899 1070 1114 1109 occupatO,
1140 1063 1269 1111 paucis
1300 1065 1454 1115 elapsis,
1477 1078 1539 1105 ce..

257 1122 360 1154 teros
393 1127 527 1155 omnes
561 1117 708 1167 redegit
735 1119 774 1156 in
803 1119 1055 1169 potestatem,
1080 1125 1184 1172 quod
1207 1127 1382 1175 angustiae
1408 1128 1538 1177 pontis

258 1179 296 1216 Sc
331 1178 510 1217 itinerum
541 1180 672 1230 fugam
708 1182 964 1224 morabantur.
1003 1185 1164 1236 Oppido
1198 1198 1355 1238 propter
1388 1191 1537 1230 crimen

254 1238 470 1278 occisorum
508 1241 650 1279 civium
690 1242 950 1284 Romanorum
987 1247 1169 1296 incenso,
1195 1251 1321 1298 praeda
1350 1251 1538 1292 militibus

255 1303 455 1351 concessa,
481 1305 645 1354 Ligerim
676 1305 796 1345 Caesar
829 1309 1036 1348 transduxit
1061 1313 1298 1359 exercitum,
1328 1316 1367 1352 in
1398 1315 1540 1354 Biturin

255 1375 348 1412 gum
364 1363 469 1403 fines.
489 1366 767 1406 Noviodunum
789 1369 826 1406 in
849 1382 892 1408 ea
916 1372 976 1409 via
992 1370 1102 1410 situm
1118 1382 1206 1413 erat.
1231 1377 1333 1424 quod
1350 1376 1538 1427 oppidum

256 1438 347 1465 cum
381 1428 610 1478 dederetur,
631 1433 788 1482 jamque
816 1445 902 1483 pars
932 1434 1105 1474 obfidum
1132 1436 1222 1475 ess‘et
1247 1439 1408 1485 tradita,
1440 1440 1540 1478 Ver-

253 1490 470 1538 cingetorix
497 1491 632 1541 affuit,
654 1496 720 1544 qui
736 1525 747 1543 ,
772 1495 926 1536 Caesaris
957 1498 1093 1537 audito
1120 1500 1312 1549 adventu,
1333 1501 1448 1550 Boios
1471 1514 1539 1553 op..

254 1565 426 1603 pugnare
458 1554 650 1597 omiserat.

311 1617 386 1656 LV.
432 1618 557 1667 Hujus
584 1620 718 1670 procul
751 1620 830 1660 viso
858 1624 1052 1673 equitatu,
1089 1623 1276 1677 Bituriges
1310 1627 1537 1667 Novioduni

254 1677 391 1718 incolae
407 1680 537 1720 denuo
552 1681 767 1722 clauserunt
787 1695 928 1733 portas.
948 1686 1095 1726 Interea
1112 1687 1248 1737 Caesar‚
1264 1690 1421 1739 equestri
1439 1704 1537 1740 proe-

255 1741 311 1782 lio
332 1742 558 1792 commisso,
581 1745 778 1794 postquam
804 1746 889 1786 suos
913 1751 1037 1799 urgeri
1055 1751 1181 1797 videt,
1204 1751 1411 1791 Germanos
1433 1753 1537 1802 equi-

252 1811 312 1842 tes
341 1803 492 1842 circiter
518 1806 960 1858 quadringentossquos
984 1809 1123 1850 habere
1155 1811 1303 1861 semper
1329 1813 1474 1852 circum
1497 1813 1536 1853 se

252 1865 528 1914 consueverat,
557 1868 743 1919 impetum
772 1871 897 1910 facere
920 1873 1040 1922 jubet.
1080 1873 1127 1912 ab
1157 1874 1215 1913 his
1241 1875 1338 1915 Galli
1367 1876 1536 1916 fundun-

251 1935 314 1969 tur
342 1928 611 1979 fuganturque.
654 1931 875 1982 Oppidani,
898 1944 1037 1973 eventu
1059 1949 1195 1986 pugnae
1220 1936 1447 1987 conspecb,
1472 1951 1539 1976 au-

254 1992 380 2035 &ores
408 1991 713 2041 recipiendorum
736 2007 928 2034 armorum
950 1997 1097 2034 vindios
1115 1997 1360 2036 adduxerunt
1382 1999 1430 2038 ad
1454 2000 1534 2038 Cae-

249 2051 372 2092 sarem
391 2084 401 2098 ‚
427 2053 540 2103 seque
560 2055 593 2092 ei
623 2055 865 2095 dediderunt.
897 2057 990 2097 Inde
1016 2058 1135 2098 Caesar
1155 2060 1355 2098 Avaricum
1383 2061 1532 2108 movit,

254 2122 337 2157 tum
364 2127 517 2164 quoque
550 2116 761 2168 Biturigum
799 2129 934 2170 caput,
960 2133 1120 2170 quorum
1150 2121 1197 2159 de
1223 2122 1379 2159 nomine
1404 2122 1534 2171 postea

253 2176 414 2228 Bourges,
436 2176 671 2225 appellatum
701 2179 764 2218 est.
798 2181 845 2220 At
868 2181 1178 2232 Vercingetorix,
1205 2191 1419 2222 convocato
1447 2181 1533 2221 suo-

251 2250 336 2278 rum
364 2236 520 2276 consilio
539 2268 549 2285 ,
573 2253 642 2276 non
670 2239 730 2291 effi
755 2240 864 2278 aliam
883 2243 978 2294 spem
1002 2242 1147 2280 vifforiae
1164 2241 1311 2293 uocet,
1337 2243 1405 2292 nist
1426 2255 1465 2280 ut
1476 2243 1531 2280 in-

291 2356 314 2398 §
340 2354 426 2387 Llll.
449 2355 592 2388 Diodor.
611 2354 734 2389 Ascon.
752 2355 839 2392 Plut.
861 2357 882 2403 §
902 2358 988 2393 ΠΥ,
1010 2359 1082 2393 Cic.
1103 2371 1164 2404 pro
1180 2360 1257 2400 Mil,
1275 2372 1304 2394 c.
1326 2370 1379 2405 34·
1400 2359 1527 2404 Ascon,

252 2396 372 2444 Vellei.
394 2411 429 2441 2,
454 2410 508 2441 47.
529 2399 674 2437 Diodor.
