1675 2959
280 167 359 214 IN
400 159 898 214 LOC.L113.C1V
935 160 1075 207 mv,
1257 168 1348 223 ης

63 289 154 317 nam
181 277 216 316 ἃ
238 275 340 325 apud
367 273 455 313 illos
485 272 695 323 antiquitus
717 270 868 321 utrique
897 267 999 307 sexui
1023 266 1198 318 praestans
1225 268 1347 306 virtus

62 340 171 380 affuit
184 340 255 387 3‘&
279 338 396 376 modo
421 336 577 387 virginis
610 347 769 385 regnum
804 334 906 381 fuit,
937 330 1089 382 qualem
1115 330 1252 379 aequari
1280 330 1349 369 sibi

62 400 325 451 magnitudine
361 398 502 446 animi,
533 408 736 446 rerumque
768 395 959 445 gestarum
991 392 1134 444 gloria,
1167 394 1204 432 ὃς
1228 393 1355 442 impe-

62 462 172 501 randi
192 460 358 507 artibus,
377 471 490 497 nemo
510 456 568 496 vel
590 457 848 496 maximorum
870 467 1003 505 regum
1019 453 1250 503 indignetur.
1275 452 1356 492 Ne-

63 535 138 573 que
167 522 269 561 enim
301 522 465 569 animis,
500 520 554 559 uti
584 518 834 569 corporibus,
858 516 1071 556 differentia
1095 515 1204 554 sexus
1235 515 1351 554 inest:

62 596 187 633 neque
221 597 304 634 pars
333 595 404 630 ea,
439 594 521 631 quae
548 581 682 619 servire
711 581 750 617 in
786 579 936 629 singulis
964 578 1186 617 hominibus
1211 577 1354 624 debet,

61 644 127 684 ubi
148 645 195 683 de
217 645 379 694 imperio
402 643 443 680 in
470 640 772 692 quamplurimos
799 640 923 689 agitur
938 667 948 685 ‚
972 637 1207 687 respicienda
1231 638 1295 679 est.

115 713 249 753 XXII.
283 714 332 753 Ut
363 712 428 750 nisi
455 709 608 761 culpam
637 710 745 748 istam
770 708 929 748 Tacitus
966 706 1046 744 aliis
1075 706 1218 746 meritis
1244 706 1355 751 rede·

64 775 210 824 ruisset,
229 776 423 814 notandus
442 787 487 812 eo
504 774 660 813 nomine
682 772 785 811 haud
800 769 1059 821 perfune‘torie
1078 767 1215 816 fuerit,
1234 769 1354 818 quod,

63 837 128 885 qui
157 835 326 874 mulieris
353 833 514 882 imperio
538 838 736 881 regantur,
760 843 824 868 eos
849 828 966 866 etiam
991 841 1014 866 a
1038 827 1216 867 servitute
1236 825 1356 867 desei.

63 895 155 934 visse
177 894 385 944 judicavit3
413 892 533 931 homo
557 893 730 931 Nerones
758 898 871 938 atque
901 886 1077 927 Othones
1106 889 1140 926 Sc
1165 887 1356 925 Domitia-

62 969 134 995 nos
168 954 314 1003 passus,
349 964 512 1001 quorum
545 948 707 987 mollitie
735 957 849 997 atque
878 948 1034 996 flagitiis
1065 947 1246 998 pleraque
1269 959 1356 998 pars

68 1015 129 1054 vel
156 1013 492 1063 abjecoeiffimarum
521 1010 753 1049 feminarum
777 1008 1028 1048 erubesceret.
1054 1010 1128 1046 Sed
1147 1011 1196 1046 ad
1223 1010 1360 1047 descri-

68 1079 243 1130 ptionem
271 1075 479 1115 Germaniae
503 1074 629 1111 redeo.
656 1071 856 1122 supersunt
877 1069 978 1108 enim
1001 1068 1048 1107 ad
1070 1067 1244 1107 dexirum
1265 1070 1361 1108 Sue-

65 1141 140 1181 vici
158 1139 270 1178 maris
292 1137 378 1176 litus
392 1137 607 1186 AEstyorum
630 1141 782 1182 gentes,
797 1142 960 1180 quorum
986 1129 1104 1168 hodie
1125 1130 1235 1168 durat
1251 1129 1356 1179 apud

66 1202 260 1241 Finnones
289 1196 524 1248 appellatio,
545 1197 578 1234 ἃ
599 1207 666 1245 per
679 1194 877 1233 Livoniam
903 1192 1022 1231 sermo
1048 1191 1261 1242 usurpatur.
1288 1205 1354 1230 an-

67 1266 229 1315 tiquitus
258 1264 296 1301 in
337 1261 514 1301 Pruffiam
549 1258 664 1309 usque
700 1256 994 1309 pertingebant,
1024 1266 1249 1308 argumento
1274 1256 1357 1295 suc-

69 1327 169 1375 cini,
201 1325 305 1375 quod
337 1322 405 1362 soli
435 1322 610 1361 omnium
635 1334 678 1360 ea
708 1330 816 1360 aetate
839 1320 1044 1370 legebant,
1066 1320 1197 1374 glesum
1230 1320 1356 1370 appel-

66 1390 186 1430 lantes
205 1419 216 1436 ,
246 1400 321 1437 quo
351 1385 508 1424 nomine
538 1385 678 1423 vitrum
707 1385 889 1424 Germani
915 1396 1110 1423 vocamus.

131 1458 283 1500 XXIII.
299 1458 490 1511 Bastarnas
505 1455 613 1508 fitzſjk
641 1458 856 1503 Germanos,
873 1457 940 1508 sed
959 1457 1070 1494 mixto
1085 1455 1260 1493 Sarmatis
1270 1457 1361 1509 slm-

63 1524 193 1576 gaiae,
223 1529 366 1558 veteres
391 1520 563 1557 auetores
589 1517 856 1568 prodiderunt.
891 1516 1030 1555 horum
1053 1517 1202 1553 Peucini
1228 1529 1275 1555 ex·
1303 1517 1359 1555 in-

67 1582 178 1629 sulae,
202 1596 317 1633 quam
344 1580 596 1627 habitabant,
630 1578 788 1618 nomine
813 1589 1020 1617 vocantur:
1052 1578 1206 1618 Roxani
1234 1579 1358 1628 magis

69 1645 312 1698 pertinebant
342 1644 390 1683 ad
423 1642 681 1693 Aquilonem,
708 1642 806 1679 inter
831 1640 993 1680 Tanaim
1020 1641 1055 1679 Sc
1082 1638 1356 1690 Borysthenem

66 1707 219 1759 pascere
252 1706 363 1745 soliti.
403 1707 450 1745 At
475 1704 652 1744 Venedos
682 1701 934 1752 Fennosque,
971 1701 1063 1740 licet
1097 1701 1273 1751 quaedam
1308 1712 1360 1739 ex

74 1769 313 1808 Germanicis
337 1767 506 1806 moribus
535 1765 753 1813 traxissent,
776 1765 955 1805 Sarmatis
984 1765 1115 1814 potius
1142 1762 1360 1802 adscriben-

73 1831 144 1869 dos
171 1829 420 1875 crediderim,
449 1828 616 1866 maximo
640 1826 922 1876 certiffimoque
945 1825 1082 1877 linguae
1108 1834 1358 1875 argumento,

71 1905 156 1942 quae
188 1890 290 1929 nulla
319 1898 424 1940 parte
448 1888 684 1928 Germanicae
708 1888 759 1927 est
791 1887 933 1926 similis.
971 1886 1160 1927 Hellusios
1185 1896 1360 1926 veterum

72 1953 116 1991 in
144 1950 377 1992 Gothlandia
402 1956 537 1999 putant
567 1947 775 1987 habitasse:
808 1947 978 1987 Oxionas
999 1946 1039 1984 in
1066 1946 1239 1985 Livonici
1263 1945 1365 1984 sinus

71 2011 193 2050 insula
230 2011 342 2061 ponit
371 2009 606 2049 vocabulum
637 2008 798 2056 Oxihae,
831 2011 960 2055 (nunc
995 2009 1154 2060 OEfiliam
1183 2007 1362 2056 frequen-

74 2073 146 2111 tius
169 2075 338 2122 vocant)
364 2073 399 2111 δί
424 2070 530 2121 quod
557 2071 640 2109 ovis
665 2070 792 2109 avium
817 2068 1091 2108 vescebantur:
1119 2068 1209 2106 inde
1233 2080 1253 2105 a
1277 2067 1360 2117 qui-

76 2135 237 2175 busdam
269 2138 388 2175 Onnes
423 2127 629 2184 appellati:
673 2146 756 2183 quae
788 2141 879 2170 nota
902 2131 1033 2170 nostris
1067 2130 1181 2168 etiam
1208 2138 1361 2180 tempo-

73 2198 177 2237 ribus
209 2198 331 2236 durat.
372 2209 461 2235 nam
491 2196 619 2235 avium
645 2193 982 2234 innumerabilium
1005 2193 1160 2243 agmina
1183 2189 1250 2229 sub
1274 2190 1359 2230 Ma-

75 2259 160 2307 jum
185 2257 353 2297 mensem
380 2258 424 2297 iis
447 2257 541 2297 locis
568 2256 794 2296 foetificant:
830 2267 960 2294 earum
984 2251 1191 2304 dispoliant
1220 2250 1359 2290 incolae

124 2393 147 2436 5
171 2392 264 2425 XXI.
286 2393 426 2426 Krantz.
451 2393 603 2436 Norveg.
629 2405 662 2434 1,
684 2402 739 2434 27.
766 2390 788 2439 §
807 2391 917 2430 XXII.
931 2390 1043 2428 Tacit.
1068 2391 1176 2429 Sti-ab.
1198 2389 1222 2421 l·
1239 2397 1274 2429 7·
1294 2386 1358 2426 ΑΙ-Δ

71 2444 173 2491 ktham.
206 2443 290 2479 Plin.
315 2456 360 2486 4,
388 2454 441 2489 ¹3·
477 2443 594 2488 Pomp.
617 2445 702 2480 Mel.
