1675 2959
230 185 298 243 554
396 176 1016 226 JO.FRE1NSHEM11
1056 176 1416 227 supptem-

296 287 382 326 XV.
417 286 567 326 Eodem
601 298 702 324 anno
731 284 771 324 C.
794 284 1006 324 ‘Cornelius
1038 286 1242 334 majestatis
1273 297 1380 333 reus,
1418 282 1521 334 apud

235 347 286 398 Q.
305 346 458 386 Gallum
479 354 700 398 praetorem,
717 358 739 383 a
755 344 940 385 Cicerone
965 344 1183 396 longissima
1198 348 1369 389 oratione
1391 347 1521 401 defen-

234 409 297 450 sus
321 409 399 448 est:
433 421 664 459 quamquam
699 407 748 456 Q
773 407 1019 457 Horremus,
1049 408 1098 461 Q
1128 409 1310 449 Metellus
1333 409 1445 454 Pius,
1470 407 1517 448 L.

161 483 167 487 ’
233 468 440 520 Lucullus,
475 468 532 508 M.
566 467 733 517 Lepidus
765 467 1026 509 testimonium
1056 468 1096 505 in
1126 481 1214 508 eum
1238 468 1383 508 infense
1414 468 1520 507 dixe-

233 540 342 579 rant,
359 539 563 582 negantes,
579 523 630 569 eo
651 529 752 572 salvo
773 529 866 570 stare
891 529 1171 581 rempublicam
1197 532 1300 581 posse
1314 546 1324 579 ;
1340 539 1518 582 praeterea

234 594 285 643 Q
313 594 493 641 Catulus,
532 595 640 642 cujus
673 606 721 632 eo
752 605 853 632 anno
891 593 1075 642 censura,
1115 593 1263 642 collega
1291 594 1344 634 M.
1370 593 1518 643 Licinio

235 653 363 699 Craffo
379 684 389 700 ,
420 667 554 705 parum
577 665 737 694 concors
757 661 822 693 aut
844 654 947 692 utilis
974 653 1195 705 reipublicae
1223 655 1306 694 fuit.

302 715 409 754 XVI.
445 714 558 755 Nulla
588 715 690 756 enim
720 727 759 753 re
792 714 892 765 gesta
923 715 1095 766 (quippe
1126 729 1254 766 neque
1282 717 1432 755 senatus
1456 722 1520 754 aut

202 810 207 813 .
235 788 354 825 eques
369 775 415 814 ab
440 775 497 813 his
520 775 742 822 recensitus,
769 787 893 824 neque
914 775 1049 825 populi
1074 776 1210 815 census
1226 779 1331 816 ac‘lus
1351 777 1428 830 est)
1446 789 1522 815 ma-

233 835 388 890 gistratu
413 835 450 873 se
478 828 717 874 abdicarunt.
754 834 872 874 Causa
901 834 1042 874 dissidii
1069 848 1185 884 penes
1215 836 1384 876 Crassum
1412 836 1521 876 fuiffe

232 897 426 944 creditur,
454 904 547 936 nota
571 897 698 936 Catuli
727 896 884 934 lenitate
911 897 947 935 ἂ
972 895 1169 935 modestia.
1204 896 1372 946 Quidam
1400 899 1451 936 de
1469 899 1525 936 ci-

231 958 351 1007 vitate
386 957 668 1011 Transpadanis
706 958 834 1001 danda
873 957 1066 1003 discordes
1108 958 1278 998 habuiffe
1315 959 1520 1000 sententias

233 1020 391 1064 ferunt:
425 1034 519 1072 quos
552 1020 702 1069 Caesar,
727 1026 764 1061 δι
789 1021 902 1071 hujus
925 1022 1148 1073 plerumque
1171 1022 1333 1063 consiliis
1359 1025 1519 1064 innexus

237 1082 409 1132 Crassus,
432 1076 625 1125 fovebant.
680 1083 795 1132 Apud
834 1083 930 1122 alios
966 1084 1134 1124 restitisse
1165 1084 1344 1124 Catulum
1365 1084 1522 1135 collega:

233 1148 405 1199 reperio,
441 1146 671 1200 vectigalem
691 1147 819 1186 facere
850 1148 1059 1199 AEgyptum
1091 1149 1281 1190 molienti.

290 1209 417 1249 XVII.
450 1209 548 1254 Cum
573 1207 650 1254 hoc
679 1216 788 1248 tanto
820 1210 856 1248 δι
887 1217 966 1247 tam
994 1210 1145 1260 egregio
1177 1212 1257 1250 viro
1285 1223 1352 1261 per
1382 1210 1520 1250 eadem

234 1277 409 1321 tempora
436 1271 574 1311 Catoni
595 1280 683 1311 nata
707 1271 759 1310 est
777 1270 962 1312 diffenfio.
991 1272 1027 1312 Is.
1049 1273 1155 1318 enim
1183 1274 1405 1323 deprecanti
1425 1274 1523 1313 mul-

238 1335 336 1387 Ctam
365 1334 516 1384 clientis
547 1334 685 1381 Catulo
713 1335 808 1374 mira
837 1334 1034 1375 severitate
1059 1336 1339 1376 inexorabilem
1367 1336 1404 1376 se
1426 1350 1520 1387 prae-

235 1395 347 1436 buit:
373 1396 562 1448 eousque,
591 1406 634 1442 ut
662 1397 856 1448 molestius
880 1398 1030 1445 instanti
1054 1399 1224 1446 diceret,
1253 1412 1349 1452 turpe
1379 1402 1445 1452 est,
1471 1402 1519 1452 Q.

238 1457 382 1505 Catule,
410 1469 466 1506 te,
494 1473 569 1497 cum
587 1461 642 1511 fis
661 1459 800 1509 censor,
834 1473 859 1498 a
885 1459 972 1497 meis
993 1459 1154 1512 ministris
1179 1461 1260 1498 hinc
1284 1460 1397 1512 abripi
1416 1461 1521 1511 disee-

232 1521 311 1559 dere
334 1519 511 1573 noleqeem,
540 1520 703 1560 Catulus
730 1521 778 1559 ad
806 1520 887 1560 haec
911 1519 1019 1562 labra
1043 1533 1227 1569 movens,
1251 1532 1323 1560 nee
1349 1530 1521 1571 reperto,

235 1578 330 1630 quid
365 1578 639 1630 responderet,
675 1579 907 1631 prohibente
941 1580 1090 1630 pudore
1118 1592 1280 1628 vocem,
1320 1593 1434 1630 quam
1468 1581 1522 1627 ira

234 1640 488 1691 impellebat,
519 1641 656 1680 tacitus
696 1640 733 1680 se
766 1641 975 1692 proripuit.
1020 1640 1119 1682 Tam
1154 1640 1386 1690 multiplices
1424 1641 1523 1679 inter

236 1702 448 1746 discordias
475 1705 694 1754 potentium
716 1704 758 1743 C.
782 1703 918 1754 Papius
941 1703 1117 1742 tribunus
1137 1703 1262 1753 plebis
1288 1703 1392 1742 haud
1418 1716 1522 1744 vano

235 1773 346 1805 metu
387 1763 674 1815 multitudinem
705 1767 927 1816 ignotorum
961 1765 1180 1805 hominum·
1202 1765 1412 1816 suspectam
1446 1765 1523 1805 ha·

235 1828 357 1876 bens,
391 1828 635 1879 peregrinos,
657 1829 829 1878 exceptis
846 1858 857 1876 ,
889 1828 953 1879 qui
983 1827 1088 1867 sedes
1118 1827 1303 1867 haberent
1327 1828 1366 1866 in
1387 1827 1494 1867 Italia
1509 1857 1523 1875 ,

236 1894 275 1932 δέ
298 1904 378 1932 uno.
402 1892 635 1933 nominatim
661 1891 902 1942 Glaucipp0,
935 1891 1030 1931 urbe
1060 1891 1280 1939 submovit,
1307 1890 1392 1943 lege
1417 1891 1456 1930 in
1481 1891 1522 1930 id

234 1954 326 1996 lata.

292 2014 440 2055 XVIII.
469 2015 554 2064 Jam
588 2015 629 2056 L.
655 2014 778 2064 Julius
813 2013 957 2063 Caesar,
986 2013 1027 2054 C.
1060 2013 1228 2054 Marcius
1251 2012 1406 2064 Figulus
1430 2026 1522 2053 con-

236 2075 336 2120 sules
362 2084 489 2125 erant;
524 2089 612 2118 cum
637 2076 680 2117 C.
709 2076 851 2124 Caesar,
877 2083 920 2115 ut
946 2075 985 2114 se
1009 2075 1266 2125 experiretur,
1298 2077 1332 2114 &
1353 2075 1522 2115 inimicis

238 2152 338 2190 tegre
362 2139 530 2189 faceret,
551 2152 762 2190 eorumque
790 2139 1024 2188 diminueret
1041 2140 1306 2179 aurftoritatem
1322 2169 1332 2187 ,
1353 2137 1391 2177 in
1417 2151 1523 2177 exe-t-

239 2200 363 2239 cenda
393 2201 440 2238 de
470 2201 608 2241 ficariis
640 2201 872 2251 quaestione,
916 2214 981 2240 eos
1019 2214 1178 2252 quoque
1202 2200 1418 2246 sicariorum
1453 2213 1523 2239 nu.-

238 2275 346 2315 quero
371 2262 533 2313 habuit,
560 2264 624 2315 qui
655 2263 932 2316 proscriptione
969 2264 1124 2309 Sullana
1151 2264 1204 2304 ob
1233 2262 1351 2304 relata
1376 2265 1523 2304 civium

280 2390 303 2435 5
329 2390 610 2424 XV.Asc0n.·1n
633 2390 1048 2432 Corne1.La61ant.6‚2.
1077 2390 1384 2434 §XV1.P111t.1n
1409 2388 1516 2424 Crass.

236 2447 265 2477 ς.
284 2446 337 2475 24.
352 2435 428 2467 Val.
445 2435 538 2467 Max.
560 2435 577 2466 S
595 2447 654 2476 ‚5.
674 2435 818 2470 Diodor.
834 2435 959 2470 Ascon.
979 2437 1013 2468 in
1030 2444 1090 2481 tog
1093 2460 1101 2469 .
1127 2436 1221 2470 caud.
1249 2436 1270 2488 5
1291 2435 1398 2480 XVII.
1421 2434 1514 2470 Plut

233 2480 309 2519 Cim
333 2481 373 2514 de
398 2478 487 2513 offic.
510 2491 552 2524 3
576 2492 610 2514 iz
