1675 2959
273 97 365 146 304
430 78 526 126 JO.
564 70 1067 122 FREINSHEMII
1104 65 1488 127 SUPPLEM.

270 190 382 229 litum
418 185 592 231 animos,
621 194 710 222 cum
744 178 949 230 praesertim
979 187 1104 226 neque
1136 173 1257 214 Caesar
1289 173 1391 225 ipse,
1422 183 1550 222 neque

267 250 415 292 tribuni
435 246 624 292 deessent,
639 255 719 282 rem
746 254 813 292 per
834 240 870 279 se
891 239 977 279 satis
999 238 1140 277 tristem
1163 248 1391 288 exaggerare
1411 234 1549 273 verbis.

269 315 386 355 Curio
419 311 562 353 etiam,
595 314 638 344 ut
668 310 747 342 erat
783 310 944 352 promtae
984 298 1233 348 eloquentiae,
1263 295 1360 346 juffu
1397 292 1552 333 Caesaris

264 379 350 417 aeta
380 372 512 413 docuit
548 367 714 413 milites,
741 363 992 403 vehementer
1021 360 1238 399 accendens
1264 360 1314 399 ad
1339 357 1550 397 vindititam

267 438 430 478 animos.
458 430 550 470 nihil
580 430 670 467 enim
694 427 787 465 ultra
816 426 880 463 rite
905 438 947 462 ac
974 422 1095 462 ordine
1127 423 1246 460 Romae
1272 422 1373 474 gen':
1394 433 1465 458 non
1479 417 1549 470 flas

267 499 410 553 respici,
433 508 501 532 mm
519 493 604 544 jus:
622 489 877 542 sacroflznblam
900 485 1101 539 potestatem
1122 483 1336 521 conculcari.-
1352 496 1459 534 penes
1479 493 1554 516 ma-

268 563 323 600 los
345 571 472 597 omnem
491 553 707 608 potentiam,
732 548 928 588 melioribus
953 558 1015 584 aut
1040 544 1186 583 tacitam
1211 544 1437 597 finitatem,
1459 553 1523 580 aut
1538 569 1552 587 2

257 625 297 675 si
319 621 413 671 loqui
438 616 570 667 aufint,
586 613 740 665 fug-zm,
763 611 908 654 caedem,
930 607 1088 660 pericula
1108 605 1171 658 ff
1190 606 1378 658 proposita.
1403 603 1450 644 Et
1474 615 1552 653 quo

270 680 581 723 vehementiores
606 672 805 713 adhiberet
827 670 1023 710 mentibus
1049 668 1176 716 faces,
1197 668 1293 707 flens
1313 665 1456 712 Caesar,
1478 667 1514 704 ἃ
1534 676 1558 703 a

272 746 429 797 pectore
456 737 602 779 disciffa
627 736 751 783 veste,
773 733 890 772 fidem
915 730 1082 770 militum
1108 729 1327 770 invocabat.
1369 725 1560 768 Affensere

272 807 413 848 milites
437 802 586 854 ingenti
616 801 772 840 fremitu
790 829 801 848 ,
829 810 919 837 cum
947 797 996 836 ad
1030 796 1161 835 omnia
1187 803 1362 845 promtos
1390 793 1562 842 impera-

279 871 354 909 tori
378 864 585 906 liberalitas
606 863 689 912 ejus
716 863 752 900 &
780 860 933 900 fortuna
952 856 1118 901 faceret3
1141 866 1264 893 errore
1289 865 1442 904 quoque
1464 863 1560 890 con·

274 932 398 972 cionis
430 939 610 968 excremae
642 925 877 974 adjuvante,
904 931 987 969 quae
1021 915 1243 967 promissum
1279 915 1460 955 omnibus
1497 915 1559 962 jus

275 1005 479 1034 aureorum
495 988 724 1029 annulorum
740 997 827 1024 cum
846 980 1003 1032 equestri
1021 978 1136 1018 censu
1156 978 1248 1017 inde
1265 975 1429 1015 credidit
1441 1002 1453 1018 ‚
1471 973 1560 1021 quia

277 1051 422 1097 Caesar,
449 1047 499 1086 ad
518 1042 834 1084 satisfaciendum
862 1041 1049 1080 militibus
1068 1039 1255 1080 annulum
1276 1046 1429 1086 quoque
1450 1045 1560 1082 aequo

274 1115 407 1153 animo
433 1108 504 1148 fibi
531 1106 791 1146 detracturum
820 1103 975 1149 dicens,
1000 1100 1134 1151 saepius
1160 1099 1324 1149 digitum
1350 1096 1453 1136 laevae
1481 1107 1562 1134 ma.

274 1188 347 1216 nus
371 1171 598 1213 ostenderat.
629 1167 692 1208 Sic
711 1163 876 1204 incitatis
901 1161 1150 1210 cohortibus,
1176 1161 1226 1200 ad
1249 1160 1376 1200 vicina
1401 1169 1559 1210 quaeque

279 1239 477 1293 porrigens
504 1244 666 1278 manus,
700 1240 888 1280 quantum
924 1239 994 1277 pro
1030 1226 1140 1277 copia
1174 1223 1356 1276 praesente
1387 1230 1563 1274 poterat,

281 1311 499 1355 opportuna
530 1297 617 1336 loca
644 1295 814 1345 recipere
835 1290 1006 1330 instituit.

348 1360 489 1403 XLIII.
528 1357 604 1398 Sed
636 1356 720 1394 haec
751 1365 830 1392 non
857 1350 983 1405 qualia
1012 1357 1144 1397 erant,
1179 1347 1246 1388 sed
1276 1345 1406 1388 multis
1438 1343 1565 1385 modis

282 1428 452 1475 majora,
479 1432 599 1461 terror
619 1419 792 1464 subitus,
818 1418 854 1455 ὁὶ
880 1413 1080 1464 agrestium
1107 1412 1199 1462 fuga
1228 1422 1295 1461 per
1318 1408 1489 1455 Italiam,
1519 1419 1565 1446 ac

283 1493 325 1530 in
352 1488 446 1528 urbe
471 1483 714 1534 vulgaverat:
744 1478 872 1518 venire
899 1475 1082 1516 Caesarem
1111 1487 1200 1514 cum
1230 1472 1338 1513 omni
1369 1471 1564 1519 exercitu,

287 1549 560 1596 Gallorumque
595 1545 631 1582 Sc
665 1541 943 1581 Germanorum
978 1534 1200 1586 ingentibus
1238 1532 1407 1572 auxiliis.
1464 1532 1564 1581 Ergo

284 1610 442 1655 saevius,
470 1618 585 1657 quam
617 1602 696 1642 ullo
725 1600 874 1642 Gallico
910 1599 1154 1638 Cimbricove
1185 1594 1376 1643 tumultu,
1404 1593 1566 1645 perculsi

285 1673 461 1715 omnium
489 1668 636 1714 animi,
657 1665 734 1704 fine
762 1662 918 1702 confilio
935 1691 946 1709 ,
973 1660 1050 1699 slne
1077 1659 1166 1710 spe,
1193 1657 1448 1709 trepidabant.
1482 1646 1568 1697 Ness

287 1748 362 1788 que
389 1732 492 1783 vulgi
518 1738 671 1770 tantum
699 1728 780 1767 haec
807 1725 1008 1772 vecordia,
1036 1723 1100 1762 sed
1132 1722 1251 1772 magis
1278 1721 1395 1760 etiam
1415 1720 1569 1759 Parrum

286 1806 367 1837 erat
392 1809 401 1835 τ
431 1807 519 1833 cum
551 1803 691 1843 pavore
720 1791 756 1829 δε
791 1785 954 1838 querelis
985 1785 1189 1834 Pompejus
1219 1794 1394 1833 quoque,
1423 1794 1472 1820 ne
1501 1794 1569 1832 pto

288 1859 355 1899 sua
380 1859 517 1897 virtute
545 1858 580 1895 &
608 1853 743 1905 peritia
774 1850 886 1890 rebus
916 1848 1163 1900 praesentibus
1194 1844 1392 1885 consulere
1425 1843 1570 1896 poffet,

287 1922 525 1964 turbabatur.

356 1982 494 2024 XLIV.
538 1979 608 2019 Alii
644 1975 832 2028 praeterita
867 1970 1134 2022 objiciebant,
1162 1981 1244 2019 quae
1270 1970 1349 2017 jam
1377 1965 1574 2006 emendari

291 2060 370 2087 non
404 2052 602 2096 poterant:
634 2051 736 2079 nune
763 2040 852 2077 dare
881 2036 1004 2087 ipsum
1038 2045 1170 2084 poenas
1197 2031 1307 2082 spreti
1335 2030 1574 2080 optimorum

293 2112 460 2149 virorum
492 2104 635 2144 consilii
653 2134 662 2151 ,
685 2103 749 2153 qui
774 2100 927 2141 Caesaris
954 2097 1163 2138 amicitiam
1189 2094 1255 2144 ipsi
1285 2093 1485 2143 patriaeque
1507 2091 1574 2129 fu-

295 2170 438 2210 nestam
462 2168 544 2206 fore
569 2163 833 2216 praedixiffent.
869 2162 963 2201 Haec
987 2157 1231 2210 exprobranti
1256 2155 1392 2194 Catoni
1414 2154 1574 2203 Pompe-

295 2238 354 2282 >jus
381 2228 603 2281 respondit,
627 2226 737 2265 illum
764 2223 903 2264 melius
932 2220 1142 2269 divinasse,
1170 2218 1207 2257 se
1230 2216 1343 2268 egiffe
1369 2215 1576 2266 simplicius

346 2363 366 2398 ς
393 2358 497 2391 XLII.
519 2358 660 2389 sueton.
680 2354 826 2398 Appian.
852 2352 942 2386 Plut.
967 2351 986 2395 ξ
1012 2349 1135 2383 XLIII.
1161 2347 1303 2382 Sueten.
1329 2344 1418 2378 Plut.
1440 2342 1475 2376 in
1500 2341 1578 2377 Cat·

296 2418 331 2451 >c.
354 2409 416 2447 70,
441 2402 604 2447 &Pomp
627 2412 656 2435 e.
676 2410 751 2434 101.
