1675 2959
270 194 361 244 322
437 155 1460 229 1ο.ιτῑὶεῑΝὲΗΕΜιιευΡΡιεΜ.

269 283 503 336 laserpitium
524 317 534 334 ,
569 285 703 336 pondo
738 297 895 324 centum
927 285 1139 332 undecim,
1179 286 1270 325 inde
1307 287 1501 337 prolatum
1531 298 1553 325 a

272 346 414 386 Caesare
435 349 537 386 idem
563 347 723 395 scriptor
746 347 955 384 annotavit.
982 345 1160 387 Offendit
1182 361 1226 388 ea
1250 360 1309 386 res
1330 347 1452 398 plebis
1475 348 1557 387 ani-

270 421 382 457 mos3
410 421 480 447 nec
508 408 713 447 obscurum
740 407 779 445 id
805 406 940 445 Caesari
963 406 1051 446 fuit.

324 471 410 510 VII.
442 471 592 510 Idcirco
618 482 708 507 cum
736 471 771 507 ei
793 468 1041 507 certisfimum
1066 469 1210 519 fuisset,
1239 479 1442 522 antequam
1468 470 1559 521 pro-

268 531 526 576 ficisceretur,
555 530 787 569 concionem
814 529 980 579 habere,
1004 543 1083 569 non
1109 531 1161 570 est
1189 532 1313 572 ausus.
1356 534 1474 584 Igitur
1498 545 1558 571 re.

204 583 209 591 ¹
267 593 343 632 bus
355 624 366 641 ,
392 600 434 631 ut
457 601 625 642 poterat,
641 591 878 640 constitutis,
893 592 1149 632 Aristobulum
1163 593 1341 641 Judaeum
1358 608 1448 634 cum
1463 596 1558 634 dua-

269 655 342 695 bus
376 654 592 705 legionibus
619 656 658 693 in
685 655 832 706 Syriam
863 655 1006 703 mittit,
1034 655 1269 706 Pompejana
1299 656 1454 696 consilia
1481 666 1558 695 tur«

266 718 459 757 baturum.
488 716 790 767 proscriptorum
809 730 829 755 a
844 716 949 769 Sulla
976 716 1105 756 liberis
1125 719 1186 766 jus
1213 717 1378 758 honores
1401 718 1560 768 petendi

264 778 416 817 reddit:
442 777 498 817 M.
521 776 719 817 AEmilium
738 776 929 826 Lepidum
952 777 1038 816 urbi
1065 778 1248 828 praeficit3
1268 779 1325 819 M.
1344 776 1558 819 Antonium

263 840 469 878 tribunum
491 839 626 886 ltaliae,
648 842 683 879 δι
699 869 710 887 ,
739 851 831 888 quas
847 839 885 877 in
907 851 950 877 ea
970 839 1168 879 relicturus
1189 850 1292 889 erat,
1309 842 1440 891 copiis.
1469 842 1558 881 Hu-

265 903 327 950 jus
365 901 470 940 fratri
511 901 606 949 Cajo
643 900 871 951 Illyricum,
898 900 1046 940 Licinio
1082 901 1207 941 Craffo
1240 903 1394 940 citerior
1433 901 1557 941 Gallia

263 963 441 1002 traditur.
461 962 614 1002 Paratur
631 965 666 1002 ἃ
683 963 834 1012 gemina
863 961 1007 1011 classis,
1031 964 1080 1002 ad
1109 962 1286 1014 superum
1311 963 1555 1014 inferumque

263 1037 372 1064 mare
407 1025 623 1064 tutandum.
653 1024 767 1063 Alteri
803 1023 966 1072 harum,
989 1037 1071 1074 quae
1106 1026 1154 1064 ad
1187 1026 1426 1065 Adriaticum
1450 1039 1555 1065 mare

266 1085 513 1133 excubabat,
542 1086 580 1124 P.
621 1085 824 1124 Cornelius
863 1085 1086 1134 Dolabella3
1120 1085 1226 1125 alteri
1253 1087 1302 1136 Q.
1334 1087 1557 1127 Hortensius

263 1149 365 1190 filius
391 1150 551 1189 oratoris
573 1148 786 1200 praeficitur.
815 1149 863 1187 At
885 1148 1017 1188 Caesari
1037 1149 1204 1199 primum
1225 1152 1274 1189 ad
1292 1151 1460 1201 legiones
1483 1152 1555 1190 iter

265 1213 480 1254 Ariminum
519 1211 620 1251 fuit:
654 1210 746 1249 inde
783 1217 885 1249 trans
923 1209 1037 1261 Alpes
1066 1212 1106 1249 in
1136 1210 1355 1251 ulteriorem
1389 1212 1555 1252 Galliam

267 1275 463 1326 profectus
480 1306 491 1323 ,
515 1273 716 1323 cognovit,
736 1271 948 1311 Vibullium
969 1273 1116 1313 Rufum
1133 1304 1142 1322 ‚
1169 1287 1284 1325 quem
1310 1274 1471 1314 Corfinii
1497 1275 1559 1313 di-

266 1336 443 1384 miserat,
473 1337 648 1387 Pompeji
688 1336 872 1375 mandato
899 1336 938 1374 in
973 1336 1201 1386 Hispaniam
1231 1337 1320 1386 iffe;
1347 1338 1388 1378 L.
1414 1338 1555 1378 Domi-

264 1400 365 1439 tium
388 1400 438 1438 ad
462 1398 726 1449 occupandam
753 1398 958 1438 Masiiliam
983 1399 1213 1450 profectum.

321 1462 423 1502 vlu.
453 1462 611 1511 Quippe
634 1460 856 1510 Domitius,
883 1474 971 1500 cum
998 1462 1063 1501 diu
1085 1462 1220 1501 incerti
1243 1462 1290 1501 de
1311 1474 1357 1501 eo
1382 1474 1554 1502 rumores

264 1525 440 1572 fuissent,
465 1525 504 1563 in
535 1523 726 1563 Cosanum
754 1523 863 1563 suum
890 1523 928 1564 se
957 1524 1197 1574 contulerat,
1225 1525 1353 1577 ibique
1374 1528 1409 1566 Sc
1431 1527 1469 1564 in
1484 1525 1555 1565 ob·

265 1592 366 1639 jesta
394 1588 499 1628 Cosae
526 1585 647 1626 insula
669 1585 782 1636 lgilio
798 1617 809 1633 ‚
832 1599 946 1625 naves
970 1587 1155 1627 actuarias
1180 1587 1325 1637 septem
1357 1600 1377 1626 a
1398 1587 1554 1637 privatis

267 1653 437 1700 coactas,
475 1650 612 1697 servis,
643 1649 808 1697 libertis,
843 1649 991 1688 colonis
1025 1649 1097 1689 suis
1136 1648 1407 1700 compleverat.
1438 1649 1552 1688 Forte

265 1716 335 1755 sub
366 1715 469 1754 idem
500 1721 651 1762 tempus
680 1711 961 1751 Maffilienfium
987 1711 1100 1763 legati
1127 1712 1430 1760 revertebantur,
1455 1724 1551 1762 quos

266 1777 316 1816 ab
338 1775 433 1814 urbe
455 1772 651 1812 discedens
676 1772 882 1822 pompejus
900 1781 979 1811 erat
1002 1772 1187 1812 hortatus.
1213 1774 1361 1813 Horum
1383 1773 1553 1813 adventu

268 1836 422 1878 Caesaris
445 1836 485 1874 in
510 1832 732 1883 Hispaniam
748 1832 956 1872 festinantis
975 1833 1267 1883 expeditionem
1291 1833 1453 1873 Massilia
1471 1847 1554 1872 mo.

266 1910 393 1941 ratur:
423 1906 554 1949 portas
590 1895 760 1935 claudit:
786 1896 966 1935 omnibus
997 1895 1140 1935 viribus
1165 1896 1213 1934 ad
1240 1895 1500 1943 tolerandam,
1527 1895 1552 1935 fi

268 1972 366 2010 opus
385 1958 506 2003 foret,
534 1955 772 1994 obsidionem
794 1955 830 1994 se
853 1965 1062 2006 comparat.
1089 1955 1231 2003 Caesar,
1256 1955 1421 1994 evocatis
1440 1957 1551 2005 quin.

267 2022 397 2061 decim
414 2018 544 2069 primis
560 2047 570 2065 ,
594 2028 680 2056 cum
704 2016 762 2055 his
776 2018 877 2067 agit,
902 2032 942 2054 ne
964 2017 1104 2055 initium
1119 2017 1288 2069 inferendi
1311 2016 1392 2054 belli
1407 2031 1430 2052 a
1446 2017 1552 2069 MasL

258 2083 455 2135 filtensibus
478 2080 620 2120 orimur.
652 2077 727 2125 illi,
749 2086 845 2116 'cum
865 2079 913 2117 ad
939 2077 1024 2117 suos
1055 2078 1209 2117 fuissent
1241 2078 1392 2126 reversi,
1419 2091 1463 2116 ex
1485 2091 1550 2117 au-

265 2146 441 2185 &oritate
479 2140 635 2192 publica
673 2139 922 2180 memorabile
957 2139 1175 2190 responsum
1216 2139 1408 2185 referunt,
1438 2139 1549 2190 effese

259 2208 376 2262 fhcios
400 2205 521 2256 populi
547 2205 720 2251 Aomani,
751 2203 971 2255 omnibusque
1006 2203 1160 2241 Gallicis
1183 2202 1419 2254 Hispanisque
1450 2201 1552 2239 bellis

265 2267 461 2307 communia
496 2280 571 2304 cum
609 2265 672 2302 illo
700 2265 831 2318 populo
858 2264 946 2317 flua
973 2265 1091 2303 habere
1119 2262 1275 2315 voluiſje.
1311 2263 1417 2300 Nunc
1447 2262 1550 2300 etiam

318 2402 340 2443 §
371 2404 377 2422 Ὗ
401 2403 425 2434 Ι.
449 2402 518 2434 Cic.
545 2402 584 2434 ad
608 2401 713 2432 Arne.
745 2409 804 2439 ιο,
827 2409 859 2437 4.
884 2398 1029 2441 Appian.
1056 2397 1158 2430 Oros.
1184 2397 1227 2436 6,
1247 2407 1297 2436 ις.
1317 2395 1402 2428 Plin.
1433 2405 1493 2473 13,
1511 2395 1547 2429 8.

266 2446 394 2525 {³³1le
419 2448 489 2481 Cic.
507 2447 592 2480 Phil.
613 2456 645 2488 2,
664 2444 697 2478 ὅ(
711 2445 749 2477 ad
763 2444 870 2481 Attic.
893 2454 950 2486 10,
971 2444 1003 2477 6.
1017 2442 1101 2479 Dio.
1119 2442 1257 2487 loseph.
1276 2442 1422 2486 Appiani.
1474 2439 1541 2474 ros.
