1675 2959
267 129 499 197 36010.
531 125 1071 198 FREINSHEMII
1106 124 1487 173 SUPPLEM.·

263 237 380 299 nidos
397 267 411 284 ,
447 248 594 287 ovaque
621 233 701 274 sale
731 233 891 273 condita
924 233 974 272 ad
1009 232 1291 274 diuturniorem
1317 233 1463 272 victum
1490 237 1556 273 rea,

265 299 455 341 condunt.
552 309 556 310 ⁷
1219 338 1222 339 ⁷

319 359 466 399 XXIV.
489 358 684 397 Hactenus
707 353 873 395 Cornelii
889 355 1019 396 Taciti
1041 357 1210 408 maxime
1227 355 1344 395 secuti
1367 355 1553 401 (lustum,

267 420 513 463 Germaniam
539 430 586 457 ex
611 417 775 457 obscuro
807 417 1000 457 vetustatis
1027 417 1309 458 fitufferuimus.
1341 417 1477 464 restat,
1510 422 1556 454 ut

264 484 314 523 de
339 479 511 520 moribus
541 491 672 517 earum
698 479 870 529 gentium
905 490 1029 528 pauca
1059 476 1281 516 referantur.
1321 477 1368 517 In
1402 477 1556 515 univer-

261 544 350 584 sum
378 541 578 580 aestimanti
614 538 756 590 liquet,
790 538 880 576 coeli
908 547 1172 586 terrarumque
1199 538 1314 585 genic
1341 538 1557 578 Germanos

263 606 315 646 ad
338 604 526 643 feritatem
555 601 591 637 &
622 610 727 636 arma
755 597 929 636 inclinari
959 597 1144 637 debuisse.
1178 591 1305 637 Tanta
1336 597 1440 634 enim
1476 603 1557 634 erat

264 665 474 715 antiquitus
502 660 665 712 partium
688 659 840 699 istarum
869 660 1046 711 asperitas
1063 689 1075 709 ‚
1110 667 1152 699 ut
1179 660 1348 699 maximo
1378 658 1473 698 mihi
1494 670 1553 697 ar-

265 731 453 778 gumento
482 721 550 769 sit,
584 731 668 758 tum
706 720 944 760 incredibilis
973 721 1075 760 faeta
1100 721 1288 768 mutatio,
1327 726 1464 770 praeter
1491 728 1560 755 co-

267 789 397 837 gnitos
430 785 592 822 siderum
625 779 780 829 cursus,
823 790 928 820 certo
963 781 1162 830 quodam,
1198 782 1263 822 sed
1295 795 1366 821 nos
1398 779 1559 820 fallente

265 855 404 894 mom,
425 855 570 884 naturae
595 851 723 893 partes
753 842 919 882 invicem
946 844 1152 893 conjungi,
1181 850 1246 881 aut
1271 844 1476 883 discedere.

321 907 451 948 XXV.
478 905 554 946 Sed
575 903 641 942 ista
665 902 902 942 subtiliorem
929 902 1215 952 indagationem
1238 902 1462 942 defiderant.
1489 902 1562 943 Ce-

266 981 394 1011 terum
427 968 628 1007 Germanis
662 978 868 1016 corporum
906 965 1131 1014 magnitudo
1167 964 1383 1015 roburque,
1423 964 1459 1003 6:
1493 974 1562 1002 co-

265 1032 396 1083 piosus
419 1028 594 1078 sanguis,
614 1039 835 1077 pugnarum.
853 1027 1076 1066 aviditatem
1096 1029 1131 1066 ἃ
1158 1025 1357 1066 vulnerum
1384 1033 1563 1064 contem-

268 1102 354 1132 tum
384 1088 524 1130 attulit.
556 1087 691 1127 Valida
719 1089 755 1126 Sc
776 1088 948 1136 ingentia
972 1088 1170 1135 membra,
1199 1099 1323 1125 truces
1349 1088 1385 1126 δε
1409 1083 1562 1124 caerulei

271 1153 402 1201 oculi,
438 1150 562 1191 rutilae
599 1162 746 1197 coniae,
782 1148 999 1187 communis
1025 1147 1119 1187 olim
1163 1149 1342 1187 omnibus
1378 1147 1562 1195 habitus,

269 1227 377 1255 nunc
404 1225 558 1264 quoque
584 1221 765 1258 manent,
799 1209 865 1248 ubi
892 1209 1017 1247 minus
1045 1207 1234 1258 peregrini
1269 1206 1460 1257 sanguinis
1482 1207 1562 1244 im-

270 1279 441 1320 mixtum
466 1257 658 1316 estssNam
677 1274 760 1314 haee
775 1273 897 1312 nostra
918 1271 1144 1323 Germanias,
1166 1269 1332 1309 maxime
1357 1281 1438 1319 quae
1460 1266 1563 1308 Rhe-

266 1354 323 1380 no
345 1339 397 1378 est
415 1337 693 1389 propinquior,
721 1344 916 1386 peragrata
938 1332 1120 1374 Romanis
1148 1330 1405 1378 exercitibus,
1430 1326 1563 1368 insessa

272 1400 461 1448 coloniis,
495 1398 685 1448 conjugiis
716 1397 884 1444 innexa,
919 1406 1105 1446 quantum
1136 1407 1156 1433 a
1182 1394 1415 1444 cognatione
1449 1391 1562 1442 prio-

274 1478 356 1504 rum
373 1495 384 1514 ,
405 1471 556 1503 tantum
583 1475 603 1501 a
626 1460 879 1501 similitudine
895 1490 906 1507 ‚
931 1457 1087 1498 recellit.
1127 1456 1201 1497 Sed
1230 1457 1265 1496 δε
1289 1455 1393 1506 pacis
1418 1453 1563 1493 artibus

273 1528 433 1576 cultior,
447 1537 675 1575 morumque
697 1524 810 1576 longe
832 1522 990 1562 meliore
1006 1528 1333 1570 temperamento,
1347 1516 1434 1567 agit.
1459 1516 1563 1556 Nam

273 1591 432 1644 pristina
472 1588 751 1629 Germanorum
786 1586 911 1624 feritas
952 1583 1172 1631 latrocinia,
1210 1581 1303 1620 dum
1337 1590 1443 1618 extra
1467 1578 1563 1618 fines

276 1652 459 1703 cujusque
490 1651 658 1689 civitatis
685 1649 843 1697 fierent,
882 1649 919 1688 in
944 1648 1056 1687 laude
1083 1645 1272 1697 ponebat:
1307 1643 1469 1689 eadem,
1505 1640 1563 1681 uti

274 1727 360 1755 mos
377 1711 569 1760 barbaris,
594 1711 740 1749 ratione
762 1721 839 1746 non
861 1708 1048 1754 multum,
1068 1705 1329 1756 superstitione
1354 1703 1563 1753 plurimum

275 1778 452 1824 moveri,
484 1773 688 1814 mulierum
713 1772 903 1811 vaticiniis
939 1770 1216 1810 incendebatur
1243 1779 1307 1808 aut
1341 1764 1565 1816 interquies-

275 1840 413 1887 cebat3
440 1850 513 1878 nec
537 1836 632 1891 sumi
656 1834 818 1887 proelia,
848 1834 917 1873 nili
939 1833 1000 1873 his
1028 1831 1312 1880 annuentibus,
1346 1833 1386 1869 in
1413 1840 1564 1868 morem

274 1908 454 1944 verterat.

331 1959 480 2003 XXVI.
515 1960 683 2001 Mortem
711 1956 1015 1998 extimescebam
1040 1956 1188 2001 minus,
1220 1952 1325 2004 quod
1350 1951 1385 1991 se
1420 1951 1565 1989 reditu·

276 2038 339 2065 ros
360 2025 409 2064 ad
425 2025 542 2063 vitain
564 2021 843 2062 existimabant.
872 2020 972 2060 Illud
1000 2019 1114 2057 etiam
1130 2048 1140 2063 ,
1168 2030 1189 2055 e
1218 2026 1348 2054 natura
1375 2013 1538 2063 regionis
1553 2041 1567 2060 ‚

278 2101 363 2138 qua:
389 2085 518 2125 multis
545 2084 677 2136 passim
705 2083 863 2122 lacubus
895 2079 1191 2129 fluminibusque
1217 2078 1399 2122 finditur,
1432 2075 1565 2124 profe-

282 2152 388 2191 &um
404 2179 416 2197 .,
442 2151 614 2202 auclores
641 2147 852 2193 mirantur,
878 2146 984 2196 quod
1014 2142 1264 2194 rapidissimos
1290 2141 1460 2179 amnium
1482 2151 1568 2177 vor.

282 2211 379 2252 tices
404 2218 552 2250 tranare
582 2209 761 2250 Germani
787 2221 877 2248 cum
905 2207 1018 2247 armis
1046 2212 1268 2257 potuerunt.
1305 2201 1475 2241 Pecuniae
1501 2213 1566 2238 an-

330 2349 352 2389 §
376 2347 502 2380 xxm.
523 2347 670 2379 Altham.
685 2345 761 2377 Liv.
780 2344 870 2388 Epit.
892 2343 975 2376 Caes.
997 2343 1036 2375 de
1061 2343 1095 2375 B.
1115 2342 1157 2374 G.
1181 2340 1200 2371 6
1216 2367 1223 2379 ‚
1249 2349 1302 2381 23.
1330 2338 1474 2380 Appian.
1495 2336 1562 2368 Ta-

291 2394 349 2425 cit.
372 2392 446 2424 hist.
472 2403 488 2423 2
506 2418 515 2431 ‚
543 2400 594 2433 35.
620 2391 640 2433 Ε
665 2389 792 2422 xxlx'.
823 2390 966 2422 Diodor.
997 2390 1020 2422 l.
1046 2397 1078 2431 9.
1101 2385 1284 2421 Herodian.
1306 2384 1328 2418 l.
1351 2388 1382 2417 0.
1411 2382 1432 2428 §
1453 2381 1563 2418 XXV.

295 2437 383 2470 Plut.
403 2436 486 2470 Caes.
513 2436 657 2469 Diodor.
688 2437 709 2468 1.
737 2433 791 2479 38.

1670 1061 1675 1066 .
1670 998 1675 1023 „-
1667 907 1675 990 m„-
