1675 2959
276 116 371 168 250
437 104 532 152 JO.
576 104 1084 155 FREINSHEMII
1122 107 1488 157 SUPPLEM.

271 211 327 250 mi
350 210 453 260 posse
476 210 729 252 ambitionem
750 213 957 263 putabant,
982 214 1006 252 si
1032 214 1179 264 sperata
1205 216 1376 265 potentia
1398 216 1560 267 longum

270 270 314 308 in
336 279 511 322 tempus,
540 275 575 313 &
602 274 722 311 varios
746 273 994 327 admiffurum
1020 274 1148 324 casus,
1171 275 1396 315 differretur.

326 333 433 373 XVI.
472 335 573 374 Nam
592 347 639 373 eo
674 335 921 385 turpitudinis
946 336 1191 388 audaciaeque
1217 351 1274 379 res
1302 347 1484 385 venerat,
1511 346 1558 378 ut

267 395 468 434 candidati
492 403 571 433 tam
597 394 886 446 largitionibus,
913 409 1027 446 quam
1055 397 1153 437 ferro
1183 409 1393 449 certarent,
1420 402 1456 439 δὲ
1483 399 1559 439 ali-

266 457 425 507 quando
457 455 590 496 consul
619 457 689 496 Cn.
717 457 910 497 Domitius
947 458 1219 500 vulneraretur.
1249 463 1366 502 Unde
1396 463 1446 501 sic
1473 470 1558 502 tur-

267 517 360 558 bata
391 517 477 557 sunt
504 519 545 557 in
571 519 668 558 urbe
693 521 850 567 omnia,
871 529 915 559 ut
940 521 1051 560 initio
1080 521 1270 572 sequentis
1296 526 1409 569 anni,
1431 537 1556 574 neque

267 579 468 627 consules,
493 593 566 619 nec
606 581 741 620 urbani
771 581 834 620 alii
871 583 1107 633 magistratus
1136 583 1276 632 effent3
1308 586 1343 624 St
1372 584 1556 625 Kalendis

267 643 456 691 januariis
473 673 485 690 ‚
509 643 696 683 nundinae
721 653 947 694 agerentur:
975 659 1059 696 quae
1083 660 1142 686 res
1166 647 1372 686 infaustum
1400 647 1556 688 luctuo-

264 703 429 753 sumque
457 703 603 744 cafibus
627 718 770 745 annum
795 706 992 757 praesagire
1015 708 1246 758 putabatur:
1275 709 1458 759 idemque
1477 709 1556 749 Le·

263 765 347 817 pidi
368 766 537 805 tumultu
560 759 765 807 acciderat.
787 769 863 808 Sed
885 768 960 808 hoc
984 777 1159 820 tempore
1176 772 1211 810 &
1226 770 1297 810 alia
1324 780 1554 820 evenerant,

265 841 350 878 quae
376 828 531 868 stolidos
548 861 560 876 ,
584 831 714 870 &tam
733 831 975 880 divinorum,
1001 846 1116 883 quam
1141 834 1370 874 naturalium
1393 847 1555 885 operum

262 888 440 938 nescios,
463 891 700 931 territabant.
729 891 837 932 Bubo
851 893 949 933 visus
973 904 1071 934 erat:
1095 894 1336 935 simulacrum
1358 897 1557 946 quoddam

264 950 397 989 triduo
416 953 603 992 continuo
622 951 843 994 sudaverat:
867 954 930 993 fax
954 955 994 993 in
1017 954 1118 994 coelo
1141 970 1162 995 a
1185 958 1343 996 meridie
1362 958 1409 996 ad
1430 959 1555 996 orien-

260 1018 347 1050 tem
370 1012 671 1054 transcurrerat:
697 1014 843 1066 glebae,
867 1015 1041 1068 lapides,
1066 1018 1166 1058 testae
1191 1019 1288 1058 inter
1311 1018 1457 1070 pluvias
1482 1019 1556 1059 fre-

265 1083 428 1125 quenter
451 1076 683 1118 ceciderant.

318 1137 443 1178 XVII.
471 1139 620 1179 Crebrae
644 1141 790 1179 interea
811 1153 880 1191 per
895 1140 1085 1180 factiones
1111 1142 1406 1180 candidatorum
1428 1142 1470 1180 in
1494 1155 1554 1182 ur-

263 1198 315 1238 be
338 1200 459 1238 caedes
489 1201 727 1242 edebantur:
755 1215 842 1241 cum
866 1210 996 1241 tamen
1021 1203 1178 1241 comitia
1197 1216 1275 1241 non
1302 1203 1553 1252 haberentur,

264 1258 357 1298 licet
379 1259 508 1299 multis
535 1261 778 1302 consulatum
802 1261 1032 1312 petentibus.
1062 1263 1177 1303 Erant
1202 1264 1299 1301 inter
1321 1264 1551 1313 competito-

263 1333 325 1359 res
342 1321 388 1361 T.
403 1322 549 1361 Annius
571 1323 694 1370 Milo,
721 1337 789 1374 per
815 1337 930 1374 quem
953 1325 989 1364 P.
1009 1325 1135 1365 Clodii
1163 1326 1363 1365 audaciam
1390 1326 1552 1376 Pompe-

262 1384 326 1432 jus
360 1384 606 1434 represserat,
637 1385 940 1436 Ciceronemque
969 1386 1098 1437 patriae
1135 1387 1357 1427 restituerat.
1398 1387 1552 1427 Idcirco

267 1444 429 1484 Clodius
444 1476 455 1495 ‚
486 1447 548 1497 qui
575 1448 742 1489 eundem
765 1449 805 1488 in
826 1461 970 1489 annum
996 1449 1153 1499 petebat
1177 1458 1404 1500 praeturam,
1423 1462 1470 1488 ne
1500 1449 1552 1488 ab

262 1507 425 1547 inimico
451 1509 605 1550 consule
630 1521 888 1561 premeretur,
913 1512 948 1552 P.
965 1511 1109 1552 Plautio
1129 1511 1312 1562 Hypsaeo,
1337 1514 1371 1551 ἃ
1397 1512 1445 1561 Q.
1463 1511 1549 1552 Me-

262 1569 357 1610 tello
387 1572 555 1621 Scipioni
582 1582 714 1612 contra
745 1573 935 1613 Milonem
960 1574 1108 1614 summe
1135 1575 1318 1614 studebat.
1347 1575 1458 1615 Unde
1483 1576 1550 1613 tri-

263 1631 335 1677 bus
360 1634 537 1683 quotidie
560 1634 788 1675 exercitibus
820 1636 944 1676 forum
973 1635 1259 1684 obfidentibus,
1284 1636 1423 1675 crebrae
1449 1637 1551 1674 inter

263 1693 336 1735 hos
360 1709 496 1747 pugnae
525 1699 893 1747 committebantur,
917 1699 1077 1740 audacia
1104 1701 1276 1739 omnium
1301 1700 1407 1750 pari,
1435 1698 1548 1739 causa

259 1757 423 1798 meliore
448 1758 620 1799 Milonis.

317 1820 461 1861 XVIII.
488 1823 613 1873 Atque
643 1823 673 1862 is
695 1824 977 1875 quamprimum
1007 1826 1165 1866 comitia
1188 1824 1319 1864 haberi
1341 1824 1545 1875 cupiebat,

261 1884 299 1923 Sc
337 1884 526 1923 bonorum
554 1885 718 1925 confisus
750 1886 903 1930 studiis,
929 1901 998 1939 pro
1034 1901 1198 1938 quorum
1227 1887 1397 1938 partibus
1430 1887 1545 1926 stete-

260 1954 339 1993 rat,
368 1947 402 1985 Sc
427 1945 598 1996 populari
628 1947 775 1993 favore,
805 1961 918 1996 quem
950 1949 1111 1999 profufis
1145 1948 1543 2000 largitionibusludo-

259 2019 425 2056 rumque
444 2008 727 2059 magnificentia
758 2019 916 2049 venatus
944 2011 1068 2050 fuerat
1085 2042 1095 2058 ‚
1123 2012 1175 2050 ita
1205 2011 1360 2061 quidem
1395 2013 1544 2050 animo-

258 2067 322 2116 se,
353 2079 395 2107 ut
418 2072 489 2109 tria
527 2069 585 2108 his
622 2068 864 2111 consumeret
895 2073 1148 2122 patrimonia,
1180 2082 1316 2123 praeter
1342 2072 1486 2111 relictas
1518 2085 1540 2111 a

255 2131 423 2171 naturali
460 2141 567 2183 patre
601 2133 744 2184 Papio,
775 2137 809 2175 Sc
838 2136 1020 2186 adoptivo
1055 2136 1096 2177 C.
1126 2136 1248 2175 Annio
1279 2134 1538 2184 hereditates,

256 2195 374 2233 etiam
401 2195 529 2237 uxoris
554 2195 693 2235 Faustae
721 2197 969 2238 facultatibus
988 2198 1138 2237 abusus.
1168 2198 1243 2238 Sed
1265 2199 1539 2247 competitores

259 2256 341 2303 ejus
366 2254 462 2294 trahi
483 2268 563 2295 rem
584 2256 768 2297 volebant
790 2272 799 2298 :
828 2272 906 2298 non
928 2259 1048 2299 invito
1073 2260 1281 2308 Pompejo,
1309 2260 1342 2297 S<
1369 2257 1444 2297 hoc
1465 2258 1538 2297 dis-

306 2375 328 2418 §
354 2376 429 2408 XV.
443 2375 584 2409 Diodnr.
601 2377 722 2411 Ascon.
737 2380 769 2412 in
786 2379 909 2412 Milon.
931 2380 1081 2413 Maeror.
1101 2381 1267 2413 Saturnal.
1283 2391 1293 2409 ι
1312 2406 1319 2417 ,
1336 2379 1533 2423 ¹3-5XV1·

263 2418 404 2454 Diodor.
428 2421 449 2466 §
475 2422 583 2455 XVII.
607 2423 680 2457 Liv.
709 2427 799 2470 Epir.
823 2426 968 2470 Appium
987 2426 1080 2460 civil.
1103 2427 1125 2459 l.
1150 2436 1182 2458 2.
1201 2423 1327 2458 Ascon-
