1675 2959
291 126 390 177 5140
453 117 549 166 JO.
586 115 1089 166 FREINSHEMII
1123 115 1506 166 SUPPLEM.

293 231 404 275 parte
427 224 547 264 Flavii
567 220 813 272 ceciderunt;
847 224 946 262 inter
973 236 1069 274 quos
1099 226 1135 264 &
1154 224 1211 265 M.
1234 224 1427 275 Papirius,
1458 233 1572 274 eques

293 284 515 335 Romanus,
535 286 788 337 publicanus,
806 285 1004 324 familiaris
1027 286 1213 336 Pompeji.
1245 286 1394 325 Flavius
1413 286 1490 325 fine
1507 297 1574 324 co-

291 346 391 386 mite
414 348 577 388 Romam
601 347 664 386 vix
694 346 871 396 perfugit.
911 346 1015 386 Tum
1039 347 1196 393 demum
1222 347 1358 386 deserti
1378 345 1572 387 Ciceronis

292 411 525 460 poenitentia
550 410 776 460 Pompejum
811 407 954 457 subiit,
980 407 1172 448 dolentem
1189 439 1201 456 ‚
1227 410 1375 449 ita'fibi
1398 407 1575 448 cecidiss‘e

292 473 470 520 nequiter
500 471 655 518 omnia,
683 478 724 509 ut
749 468 868 509 cliens
894 471 1013 509 modo
1038 470 1126 509 suus
1147 470 1334 520 Clodius,
1361 471 1411 510 ad
1443 469 1482 509 se
1506 482 1576 519 op-

293 533 541 586 primendum
583 531 797 572 tribunatus
830 545 851 571 a
883 531 922 571 se
961 532 1118 571 restituti
1158 532 1299 571 viribus
1334 532 1577 572 abuteretur:

294 593 496 643 statimque
524 593 644 643 coepit
667 593 1127 633 revocandi‘Ciceronem
1153 593 1292 643 agitare
1313 593 1475 634 consilia.
1507 592 1577 631 esta

295 666 372 702 que
393 667 439 692 eo
456 667 512 693 res
528 654 732 704 perducta,
748 665 835 692 cum
848 685 860 702 ‚
875 654 1052 693 atrociter
1068 664 1303 705 repugnante
1319 655 1481 703 Clodio,
1494 666 1576 705 per-

295 713 360 753 fici
384 714 478 752 nihil
501 714 644 765 poffet,
667 724 713 762 ut
728 726 857 755 tamen
875 715 1241 756 senatusconsultum
1260 717 1390 766 fieret,
1415 732 1457 755 ne
1477 716 1579 769 quid-

295 790 401 828 quam
421 777 523 828 prius
540 776 689 829 publicae
711 777 780 823 rei,
801 792 904 829 quam
928 779 969 815 de
984 778 1095 815 reditu
1119 779 1293 817 Ciceronis
1307 808 1318 825 ,
1336 780 1573 818 decerneretur.

351 836 530 877 CXXVI.
562 837 624 877 Ob
651 850 714 876 eas
736 851 794 876 res
821 838 1047 888 quotidiana
1069 839 1110 877 in
1138 838 1231 878 urbe
1257 839 1390 889 proelia
1409 839 1574 887 fiebant,

298 898 529 949 Pompejum
544 928 555 947 ‚
584 899 867 949 Gabiniumque
891 900 1110 948 consulem,
1130 900 1193 951 qui
1216 914 1285 952 pro
1309 901 1492 953 Pompejo
1513 902 1581 941 sta-

297 959 390 1009 bat,
416 960 631 1001 foediffimis
654 962 841 1001 conviciis
862 963 1133 1012 proscindente
1160 962 1310 1003 Clodio.
1339 964 1449 1003 multi
1478 977 1580 1003 mor.

294 1022 392 1063 tales
429 1023 526 1064 inter
557 1024 743 1074 easrixas
777 1024 964 1064 verberati
996 1024 1260 1077 vulneratique
1293 1025 1378 1066 sunt
1405 1041 1415 1066 :
1457 1026 1578 1066 fasces

295 1084 461 1124 consulis
484 1086 590 1124 fracti
607 1117 620 1131 ‚
643 1085 744 1125 bona
765 1100 785 1125 a
805 1087 957 1126 tribuno
978 1088 1210 1127 consecrata.
1235 1089 1375 1129 Contra
1391 1089 1431 1130 L.
1450 1090 1577 1129 Mum-

297 1148 399 1187 mius
418 1179 428 1196 ‚
466 1148 622 1196 adjutus
653 1161 675 1187 a
702 1146 858 1198 collegis
893 1147 1038 1199 septem
1058 1179 1069 1198 ,
1107 1150 1293 1190 refistebat
1320 1151 1467 1190 acriter.
1504 1151 1579 1190 Hic

299 1209 404 1248 enim
431 1208 612 1248 Kalendis
640 1208 764 1257 Juniis
794 1209 842 1247 de
867 1211 976 1248 reditu
1005 1211 1177 1250 Ciceronis
1201 1210 1352 1260 retulit,
1378 1213 1495 1267 (quae
1518 1225 1578 1252 res

297 1271 564 1312 interceffione
592 1272 632 1312 P.
663 1272 750 1313 AElii
777 1272 999 1323 Liguris‘est
1033 1272 1214 1327 sublata)
1239 1277 1274 1314 δι
1307 1275 1405 1315 bona
1429 1276 1466 1317 P.
1492 1276 1582 1316 Clo·

299 1334 380 1380 dii,
397 1333 499 1373 illius
520 1334 699 1385 exemplo
720 1334 847 1373 Cereri
873 1334 1115 1374 consecravit.
1142 1336 1344 1387 Pompejus
1360 1369 1373 1385 ,
1397 1338 1468 1378 live
1490 1351 1583 1377 con.

298 1394 543 1434 tumeliarum
577 1396 804 1446 impatiens,
843 1397 948 1447 quod
973 1410 993 1435 a
1021 1397 1217 1437 Clodianis
1254 1399 1295 1438 in
1326 1401 1454 1439 medio
1491 1399 1579 1439 foro

297 1455 398 1506 saepe
423 1457 603 1497 conviciis
627 1458 871 1508 spurcissimis
902 1459 1114 1510 exagitatus
1139 1470 1241 1508 erat3
1270 1461 1343 1500 sive
1366 1471 1469 1502 metu
1496 1462 1580 1502 insi.

302 1519 478 1567 diarum,
502 1520 584 1570 post
610 1520 888 1571 deprehensum
907 1522 947 1560 in
968 1522 1077 1562 turba
1101 1535 1190 1562 cum
1215 1523 1345 1574 gladio
1361 1524 1490 1564 Clodii
1510 1524 1582 1564 ser-

298 1593 389 1621 vum
403 1596 413 1629 3
429 1582 613 1631 quamdiu
628 1582 701 1622 fuit
722 1582 761 1621 in
774 1583 969 1623 tribunatu
984 1584 1141 1625 Clodius
1154 1616 1166 1632 ‚
1184 1586 1288 1625 domi
1303 1586 1374 1626 suae
1389 1585 1425 1625 se
1443 1587 1578 1626 tenuit.

356 1643 557 1683 CXXVII.
589 1643 648 1684 lbi
670 1657 824 1695 quoque
849 1645 1014 1686 obsessus
1038 1647 1090 1685 est
1115 1646 1162 1686 ab
1198 1647 1354 1687 homine
1383 1648 1581 1689 audaciffi·

298 1716 389 1751 mo,
419 1703 557 1743 liberto
578 1704 705 1745 Clodii
740 1706 947 1755 Damione,
970 1708 1033 1757 qui
1056 1710 1091 1747 S:
1117 1708 1156 1747 L.
1182 1708 1350 1748 Novium
1380 1709 1578 1750 tribunum

300 1764 425 1817 plebis
453 1765 551 1805 ferro
579 1766 800 1806 vulneravit.
839 1768 914 1808 Sed
942 1780 1013 1807 nec
1040 1782 1062 1807 a
1085 1769 1227 1808 Caesare
1250 1769 1468 1810 vellicando
1490 1771 1581 1811 Clo..

301 1825 388 1863 dius
411 1825 627 1875 abstinens,
651 1827 742 1880 leges
763 1829 885 1867 Iulias
911 1841 1031 1868 contra
1053 1831 1210 1882 auspicia
1238 1833 1334 1870 latas
1362 1832 1401 1870 in
1428 1833 1581 1872 concio-

299 1888 413 1927 nibus
444 1889 632 1938 jactabat;
666 1903 898 1940 quamquam
934 1892 973 1931 in
997 1891 1057 1931 his
1088 1892 1178 1932 effet
1207 1894 1356 1933 Curiata
1389 1893 1476 1943 illa,
1504 1907 1579 1944 qua

301 1950 465 2000 adoptio
499 1951 624 1990 Clodii
660 1952 951 1992 continebatur:
986 1953 1318 2005 interrogabatque
1350 1956 1580 2005 productum

302 2013 342 2051 in
366 2013 479 2052 rostra
506 2013 563 2053 Μ.
586 2014 761 2053 Bibulum
778 2046 788 2062 ‚
817 2029 997 2063 utrumne,
1023 2017 1112 2068 leges
1127 2016 1259 2068 ftrente
1285 2018 1435 2069 Caesure,
1452 2019 1588 2070 simper

300 2076 342 2113 de
367 2074 446 2112 coelo
464 2075 665 2128 firvaffit?
691 2077 950 2128 interrogabat
975 2090 1134 2128 augures
1151 2109 1162 2126 ,
1195 2093 1267 2131 quae
1292 2079 1344 2116 ita
1366 2079 1442 2117 lata
1457 2078 1582 2130 efferte,

301 2139 427 2174 realem
457 2138 532 2174 lata
559 2137 694 2188 efflat?
730 2138 878 2178 Interea
901 2139 1047 2191 Caesar,
1076 2142 1139 2190 qui
1165 2141 1350 2191 proficisci
1378 2140 1579 2188 noluerat,

302 2195 429 2234 donec
455 2195 639 2246 relegatos
663 2211 683 2236 a
709 2200 904 2249 republica
931 2201 1155 2241 Ciceronem
1180 2202 1444 2251 Catonemque
1467 2200 1582 2239 vidis-

302 2254 358 2296 set
371 2286 382 2304 ,
400 2255 549 2297 alterius
564 2259 758 2309 ingenium
770 2291 782 2309 ,
799 2260 950 2301 alterius
971 2263 1158 2311 animum,
1175 2276 1251 2303 non
1275 2263 1408 2302 fraude
1421 2292 1432 2310 ‚
1447 2275 1525 2302 non
1540 2264 1579 2303 vi

350 2370 373 2415 5
404 2371 541 2405 CXXV.
566 2372 654 2407 Plut.
673 2375 705 2406 in
729 2375 830 2408 Crass.
856 2387 885 2407 c.
903 2386 957 2415 29.
981 2376 1053 2410 Cic.
1073 2377 1111 2410 ad
1133 2378 1236 2410 Attic.
1253 2388 1286 2420 3,
1304 2389 1355 2413 ις.
1378 2379 1399 2423 §
1422 2379 1578 2420 CXXVI.

311 2413 455 2464 Appian.
478 2417 572 2451 civil.
595 2421 620 2454 1.
648 2430 680 2454 2.
708 2419 780 2455 Cic.
802 2421 836 2454 iu
860 2420 973 2456 Pison.
1000 2433 1031 2456 c.
1059 2423 1091 2456 8.
1118 2422 1259 2456 Diodor.
1292 2423 1381 2458 Plut.
