1675 2959
336 149 413 195 IN
461 148 626 194 LOC.
671 147 805 194 LIB.
853 145 955 194 (3111
1007 150 1141 196 LIV.
1291 165 1375 216 125

92 253 151 293 {os
183 251 398 292 consulatus
432 251 487 290 sui
518 251 682 302 reliquos
715 252 795 291 dies
824 251 937 292 ferias
961 253 1169 293 indiceret:
1199 266 1248 292 ne
1269 257 1372 297 enim

88 317 191 355 feriis
213 317 333 354 coiret
357 315 548 366 populus,
574 315 723 366 legibus
745 316 956 356 vetabatur.

145 377 368 418 LXXXIX.
405 377 480 417 Sed
502 376 645 426 Caesar,
670 377 792 427 spreto
818 377 982 425 Bibulo,
1004 374 1256 417 nihilominus
1279 392 1372 430 prae.

90 441 190 480 dixit
221 440 408 488 comitiis,
447 440 541 491 legis
573 440 737 479 ferendae
776 438 911 487 causa,
948 439 1078 478 diem:
1117 440 1232 487 inque
1264 441 1371 481 idem

87 509 240 552 tempus
270 502 495 552 pompejus,
524 505 602 551 J‘am
633 503 748 541 ducta
775 501 904 549 Julia,
933 500 1087 539 Caesaris
1113 513 1226 551 gener
1250 514 1374 541 arma-

81 565 137 602 ‘tis
171 564 306 603 urbem
346 563 616 614 compleverat.
654 561 776 602 Affuit
809 563 844 600 ἃ
880 561 1067 607 Bibulus,
1104 561 1369 612 instigantibus

84 624 284 673 Patribus,
314 626 377 675 qui
402 626 563 664 domum
588 625 755 663 consulis
784 633 990 670 venerant,
1018 624 1122 673 quod
1149 624 1268 663 altero
1295 626 1369 664 im-

83 688 266 737 pediente
295 688 449 727 consule
486 689 692 727 convocari
729 686 879 726 senatus
919 688 1128 736 nequibat3
1167 695 1208 726 ut
1239 690 1367 738 potius

77 749 206 790 ‘aliena
240 751 486 801 improbitate
509 750 630 789 vietus
661 749 758 798 esse,
794 762 908 799 quam
935 749 999 788 sua
1028 748 1162 800 sponte
1190 750 1366 801 cessasse,

80 813 302 861 videretur,
332 815 366 853 ἃ
386 826 452 863 per
474 811 631 851 densam
656 811 967 860 multitudinem,
989 826 1091 862 quae,
1111 812 1200 852 ficas
1217 812 1281 853 sub
1304 826 1370 853 ve-

80 874 199 914 stibus
222 876 368 921 serem,
389 876 515 917 forum
545 876 592 914 de
617 877 729 914 nocte
761 883 1041 923 occupaverat,
1073 876 1120 914 ad
1138 877 1257 915 aedem
1287 876 1366 916 Ca-

80 935 211 983 storis,
250 934 408 974 Lucullo
438 937 472 974 ὃς
498 935 644 974 Catone
675 935 949 973 comitantibus
968 965 980 981 ‚
1013 937 1240 976 contendit:
1279 937 1363 977 aliis

74 997 289 1034 reverentia
316 996 530 1045 potestatis,
553 994 706 1043 multis,
729 996 816 1046 quia
842 995 1068 1034 sententiam
1099 998 1254 1036 mutasse
1282 1012 1364 1037 cre-

74 1056 278 1104 diderant,
312 1057 415 1095 viam
443 1056 635 1096 dantibus.
673 1057 748 1096 Sed
778 1056 845 1095 ubi
877 1069 924 1094 ex
953 1056 1143 1107 superiore
1171 1057 1259 1098 loco
1291 1061 1362 1098 im·-
1394 1108 1397 1111 ἱ

74 1130 247 1169 pugnare
273 1118 396 1169 legem
425 1119 568 1168 coepit,
602 1127 709 1157 tanta
735 1118 785 1156 est
813 1129 1009 1157 commota
1031 1119 1166 1158 seditio
1184 1150 1194 1168 ,
1219 1129 1262 1159 ut
1281 1120 1361 1171 ipse

74 1179 126 1218 de
148 1179 328 1231 gradibus
345 1179 628 1227 deturbaretur,
648 1177 1020 1229 cophinus-stercore
1040 1180 1207 1231 repletus
1232 1184 1270 1221 in
1294 1196 1354 1223 ca-

73 1250 145 1291 put
167 1240 332 1280 consulis
363 1239 649 1290 effunderetur,
683 1240 801 1280 fasces
825 1240 1111 1291 frangerentur,
1146 1244 1257 1283 multi
1292 1257 1358 1284 co.

73 1306 238 1352 mitum,
263 1312 375 1352 atque
403 1303 503 1341 inter
530 1303 627 1343 alios
655 1304 732 1342 duo
754 1304 927 1354 tribuni,¹
944 1304 1166 1346 verberibus
1192 1308 1359 1347 vulneri-

74 1365 220 1416 busque
248 1365 498 1406 afficerentur,
696 1372 699 1376 '

125 1427 211 1467 XC.
239 1427 340 1466 Inter
369 1426 450 1465 haec
486 1426 646 1468 Bibulus
680 1428 815 1478 insigni
844 1429 1053 1468 constantia
1083 1430 1255 1470 nudabat
1287 1434 1355 1481 ju·-

70 1488 228 1540 gulum,
259 1488 470 1536 offerebat,
498 1490 544 1528 ad
573 1490 716 1529 caedem
749 1504 884 1541 magna
910 1504 1007 1530 voce
1029 1493 1214 1533 invitabat
1236 1495 1354 1536 Caesa-

68 1552 119 1590 ris
145 1550 323 1590 satellites
339 1581 349 1599 ,
377 1566 438 1604 ego
467 1567 571 1599 vero,
603 1553 802 1603 inquiens,
816 1556 855 1605 fi
874 1555 1056 1607 Caesarem,
1084 1570 1122 1595 ut
1136 1557 1225 1611 juste
1245 1573 1355 1612 agat,

66 1628 198 1652 movere
226 1627 378 1666 nequeo,
412 1614 452 1651 id
473 1614 600 1665 fizlrem
631 1614 801 1668 efficiam,
839 1627 879 1653 ut
913 1630 986 1654 mea
1014 1632 1105 1655 mors
1128 1621 1351 1672 scelestiorem

66 1676 322 1726 invisioremque
351 1676 510 1714 omnibus
529 1677 661 1715 reddat.
696 1678 788 1716 Haec
815 1677 1091 1717 vociferantem
1115 1681 1155 1718 in
1180 1683 1349 1724 vicinam

66 1736 173 1786 Jovis
199 1737 355 1777 Statoris
394 1738 517 1776 aedem
553 1738 666 1776 amici
702 1750 921 1789 rapuerunt.
961 1741 1063 1782 Tum
1092 1743 1129 1781 in
1160 1743 1348 1787 Catonem

65 1798 192 1838 versus
219 1800 411 1848 impetuS,
434 1799 522 1848 qui,
548 1808 589 1838 ut
620 1808 699 1838 erat
722 1802 870 1850 juvenis
888 1832 898 1849 ,
925 1804 959 1841 ὃς
984 1804 1136 1844 robusto
1163 1819 1346 1859 corpore,

63 1865 131 1910 per
156 1859 326 1897 medium
350 1872 486 1909 agmen
514 1861 572 1897 via
597 1859 721 1909 fasta,
749 1874 839 1900 cum
865 1863 978 1901 verba
1004 1866 1175 1915 coepiffet
1199 1867 1345 1918 facere,

62 1920 233 1960 sublimis
255 1933 275 1959 a
302 1921 470 1960 fadtione
498 1921 648 1960 Caesaris
673 1923 723 1961 est
749 1923 881 1963 elatus,
909 1925 955 1964 At
983 1924 1072 1974 ille,
1099 1928 1242 1967 diversa
1270 1930 1344 1970 fori

63 1990 169 2032 parte
193 1992 406 2029 recurrens,
443 1984 619 2022 convicia
643 1983 777 2023 Czesari
804 1986 1025 2036 ingerebat3
1059 1988 1183 2026 donec
1204 1991 1341 2032 iterum

62 2044 229 2093 priorem
254 2044 302 2082 ad
333 2044 493 2083 modum
518 2045 570 2083 est
598 2045 732 2086 elatus.
767 2047 824 2087 Ita
852 2061 920 2099 per
954 2050 1031 2089 vim
1061 2052 1204 2100 perlata
1231 2054 1341 2105 lege,

55 2108 174 2160 jurare
194 2108 361 2161 populum
376 2109 478 2158 justit
503 2109 646 2159 Caesar,
664 2125 828 2165 perpetuo
847 2126 958 2152 ratam
979 2115 1071 2166 fhre.
1103 2115 1206 2154 idem
1234 2117 1340 2155 dein-

60 2171 108 2210 de
129 2171 396 2219 jusjurandum
420 2185 441 2210 a
468 2171 600 2211 senatu
627 2175 765 2224 exegit.
899 2213 904 2218 ,

109 2231 216 2279 ,XCL
236 2232 415 2282 Bibulus,
438 2247 534 2285 aegre
561 2236 679 2274 vitato
699 2237 841 2285 exitio,
861 2238 1045 2289 postridie
1069 2239 1108 2279 in
1125 2241 1230 2279 curia
1247 2253 1338 2281 cons
1355 2280 1358 2282 ,

107 2355 128 2394 ς
155 2333 374 2391 Lirxxvnr
405 2359 549 2403 Dionys.
577 2361 723 2403 Appiam.
749 2362 890 2396 sueton.
916 2363 936 2406 ς
963 2362 1147 2396 Lxxxlx.
1170 2362 1252 2395 Tim
1275 2376 1331 2408 ap.

62 2400 171 2449 tAgell.
190 2413 210 2440 4
227 2428 236 2443 ,
265 2413 314 2436 ιο.
349 2406 457 2436 Varro
478 2417 531 2447 ap.
548 2406 656 2449 Agell.
686 2417 743 2446 14,
761 2418 794 2447 7.
815 2408 885 2441 (ic.
904 2419 964 2451 pro
989 2409 1081 2442 Sext.
1105 2408 1126 2452 §
1145 2408 1220 2443 XC.
1242 2408 1333 2446 Phar,

61 2455 96 2476 ta
120 2443 203 2478 Caes.
230 2445 263 2479 ὃ(
287 2447 402 2493 Pomp.
426 2449 572 2493 Appian.
601 2450 744 2487 Diodor.
