1675 2959
308 121 385 167 1N
431 115 1371 165 LOC.L1}3.C111L1V.112.

87 240 125 268 xo
135 227 233 281 fhblo
241 229 294 279 fig,
288 239 447 277 natoque
461 225 498 262 ιἰι
518 223 674 261 ararium
689 223 740 260 ill
742 234 793 259 tta
809 223 859 259 ad
871 221 1003 275 viginti
1017 222 1223 259 talentorum
1240 211 1368 261 mmm

159 288 218 327 LI.
256 285 392 326 Multis
421 284 530 323 novis
567 281 825 331 inufitatisque
857 281 1089 320 ornamentis
1116 280 1269 331 inlignis
1300 282 1368 320 iste

86 349 306 400 triumphus
342 360 430 386 cum
469 346 695 394 haberetur,
732 344 829 382 nihil
858 343 1037 383 illustrius
1068 343 1216 392 visum,
1252 357 1372 394 quam

91 414 198 465 quod
230 412 347 452 tribus
379 408 582 460 triumphis
608 408 772 447 totidem
798 415 982 446 terrarum
1015 407 1117 445 orbis
1145 414 1269 457 partes
1301 408 1374 446 de-

90 477 200 517 vkstae
220 472 369 512 causam
386 470 592 521 titulosque
613 469 866 520 praebuerunt.
885 468 960 508 Ter
977 469 1077 506 enim
1100 469 1136 507 δε
1155 468 1219 507 alii
1240 469 1373 508 trium.

87 536 253 588 phantes
283 532 515 584 Capitolium
540 530 810 570 ascenderant:
841 529 933 578 hic,
961 529 1067 579 quod
1097 538 1211 569 antea
1238 530 1371 569 conti-

90 605 199 650 gerat
232 597 399 643 nemini,
433 595 598 645 primum
630 591 870 642 triumphum
897 603 947 629 ex
970 591 1125 640 Africa,
1159 591 1378 632 secundum

91 673 142 700 ex
173 661 323 709 Europa
339 689 350 704 ,
382 658 535 696 tertium
556 668 605 694 ex
634 654 713 694 Afia
739 654 860 693 duxit.
901 653 964 692 Ob
988 661 1068 691 tam
1094 652 1235 692 celeres
1261 666 1373 704 gran-

93 720 233 770 desque
265 720 439 758 vidtorias
470 730 488 756 a
517 715 701 767 plerisque
731 715 878 765 Magno
905 714 1125 755 A‘lexandro
1149 714 1374 754 confereba-

90 792 174 824 tur:
202 786 237 823 ἃ
265 796 340 832 quo
366 781 522 819 similior
549 780 583 818 ei
606 779 798 818 videretur
813 807 824 826 ‚
843 786 890 816 ut
911 777 954 816 fit
973 808 985 826 ,
1009 778 1075 817 ubi
1110 778 1184 816 suis
1207 779 1375 817 inventis

93 844 274 883 homines
298 842 565 888 blandiuntur,
597 852 745 892 quatuor
764 841 799 878 ἐξ·
823 840 968 890 triginta
989 840 1096 877 annis
1120 840 1281 878 minorem
1304 840 1376 879 fin-

93 920 236 950 xerunt
262 909 442 959 quidam3
474 919 563 944 cum
591 905 770 954 quintum
796 911 909 953 atque
943 903 1273 953 quadragesimum
1302 915 1380 942 ex·-

92 970 286 1022 pleviffet:
311 968 403 1007 felix
430 967 613 1017 opinione
636 964 838 1003 hominurn
853 963 1023 1011 Futurus,
1043 963 1069 1001 fi
1091 976 1203 1012 quem
1223 963 1378 1013 gloriae,

95 1032 266 1071 eundem
295 1032 330 1069 Sc
358 1031 446 1068 vitae
471 1029 586 1067 finem
620 1025 836 1071 habuisset,
865 1038 989 1075 neque
1020 1033 1233 1063 vertentem
1260 1024 1379 1064 form<

93 1106 186 1134 nam
211 1092 324 1140 esset,
348 1093 425 1141 jam
455 1100 566 1130 aetate
594 1088 825 1140 profefflor,
852 1096 1042 1137 expertus.

148 1157 226 1198 LII.
263 1154 396 1196 Mense
419 1152 622 1193 Decembri
650 1152 769 1201 coepit
793 1152 925 1200 agitari
956 1151 994 1189 in
1019 1150 1152 1190 senatu
1178 1148 1288 1189 causa
1311 1161 1380 1200 pu-

91 1218 354 1262 blicanorum,
377 1217 463 1265 qui,
494 1213 677 1253 redemtis
706 1213 795 1252 Afiae
815 1211 1086 1262 vefflgalibus,
1109 1225 1148 1250 ut
1167 1213 1384 1261 induceretur·

94 1282 251 1328 locatio,
279 1277 531 1330 postulabant.
564 1277 652 1316 Erat
679 1287 736 1313 res
769 1273 980 1322 invidiosa,
1012 1275 1048 1313 ἃς
1075 1274 1197 1324 turpis
1233 1271 1382 1311 confes-2

95 1344 151 1385 fio
179 1341 413 1382 temeritatis.
449 1339 598 1379 Tamen
620 1335 791 1381 Craffus,
817 1344 859 1373 ut
889 1342 1088 1385 peterent,
1123 1334 1198 1373 fuit
1220 1336 1388 1373 auctore,

100 1408 237 1448 Cicero
263 1405 409 1454 adjuvit
439 1410 639 1453 petentes,
672 1410 716 1438 ut
747 1399 992 1439 concordiam
1030 1398 1207 1437 ordinum
1235 1398 1383 1436 retine-

98 1480 182 1515 ret,
206 1481 319 1518 quam
339 1467 378 1505 in
403 1464 600 1504 consulatu
628 1461 874 1502 stabiliverat.
903 1462 978 1501 Sed
1005 1460 1123 1508 Cato,
1147 1460 1293 1510 semper
1317 1459 1384 1499 ad·-

98 1532 225 1573 versus
248 1531 377 1580 iniqua
405 1525 689 1578 flagitantibus,
711 1524 954 1574 summopere
976 1521 1175 1562 resistebat.
1200 1523 1387 1572 Idemque

101 1602 281 1646 praeterea
297 1624 309 1640 ‚
335 1592 439 1642 quod
472 1590 635 1629 alterum
663 1587 710 1627 ab
739 1586 869 1626 senatu
892 1585 1004 1625 valde
1025 1584 1255 1624 abalienavit
1278 1585 1387 1633 equi-

99 1665 180 1705 tes,
200 1655 367 1704 censuit,
384 1654 603 1694 affentiente
624 1651 779 1698 senatu,
805 1662 846 1689 ut
864 1651 906 1688 de
925 1650 996 1698 iis,
1017 1649 1076 1701 qui
1097 1649 1140 1687 ob
1150 1647 1385 1701 judicandum

48 1713 50 1716 ‚
91 1721 277 1776 pecuniam
303 1719 530 1773 accepffint,
555 1728 766 1769 quaereretur.

169 1780 268 1820 LIII
302 1780 354 1820 Ea
382 1781 430 1819 de
461 1792 499 1818 re
527 1786 713 1817 certatum
741 1779 776 1816 Sc
811 1774 904 1815 olim
932 1775 1084 1823 fuerat,
1115 1770 1385 1813 honestiffimis

101 1842 276 1892 equitum
303 1842 392 1880 hanc
420 1842 648 1880 conditionem
675 1838 961 1885 recusantibus,
991 1850 1029 1874 ut
1054 1837 1092 1874 in
1115 1836 1249 1889 dispan'
1268 1834 1386 1886 fimu-

100 1918 172 1949 ιια,
202 1903 372 1953 dignitate
390 1931 401 1948 ‚
430 1901 679 1952 honoribusque
710 1915 753 1937 ac
775 1900 949 1951 prcemiis,
979 1898 1084 1948 paria
1108 1897 1188 1948 ipfis
1208 1908 1311 1947 atque
1330 1896 1390 1947 fi-

103 1964 284 2004 natonlms
302 1962 461 2015 pericula
481 1973 773 2015 proponerentur.-
805 1975 878 1997 cut-1
906 1959 1089 2012 praesertim
1115 1959 1168 1995 ita
1203 1958 1261 1994 lex
1289 1960 1386 1995 Sem-

94 2024 226 2080 pronia
253 2025 429 2076 primum,
453 2024 533 2061 dein
563 2024 749 2069 Cornelia,
771 2033 938 2073 conceptae
968 2019 1092 2071 efflat,
1119 2031 1180 2065 ut,
1205 2019 1392 2069 senztoree

100 2084 312 2137 complexa,
336 2087 377 2124 de
399 2086 517 2123 ceteris
552 2099 623 2122 non
655 2083 817 2136 cogitaff}
847 2083 1050 2120 viderentur.
1092 2080 1166 2120 Sed
1198 2088 1280 2117 tum
1310 2078 1387 2116 hoc

103 2145 312 2197 agebatur,
347 2154 390 2184 ut
418 2145 534 2183 etiam
559 2144 703 2193 equites
732 2155 832 2180 nova
863 2141 945 2192 lege
985 2140 1231 2189 illigarentur.
1262 2138 1390 2178 Place-

103 2208 198 2249 bant
222 2207 305 2247 haec
326 2210 361 2247 δε
376 2206 536 2247 Metello
552 2236 565 2254 ‚
582 2206 645 2256 qui
663 2205 877 2256 designatus
901 2214 984 2243 tum
1002 2202 1155 2251 consul,
1171 2214 1258 2240 cum
1279 2209 1390 2251 pote-

157 2311 179 2351 Ε
203 2311 240 2344 L.
275 2311 346 2343 Cic.
372 2322 434 2354 pro
456 2310 548 2343 Balb.
576 2322 605 2342 c.
624 2310 694 2350 4&
711 2311 732 2339 6
747 2309 812 2350 ,ἃ
830 2321 891 2353 pro
918 2309 1011 2342 Sext.
1035 2320 1063 2340 c.
1087 2311 1124 2339 «31
1173 2307 1193 2349 Ε
1220 2304 1388 2337 L1.P1ut.

107 2355 232 2398 Vellej.
256 2356 396 2398 Liv.9,
473 2355 586 2387 .Cic.
610 2355 649 2387 ad
674 2355 777 2386 Attic.
814 2367 849 2396 ι,
880 2366 943 2394 14,
969 2354 1087 2393 &pro
1114 2333 1250 2384 C’luent
1275 2361 1302 2381 c.
1337 2346 1392 2387 56

109 2367 225 2434 ldeml'
221 2411 253 2431 m
278 2399 390 2432 Pisum.
412 2367 509 2440 c.1l4‚
526 2399 561 2431 δί
581 2398 706 2431 Ascon.
727 2398 808 2431 ibid.
837 2399 859 2441 §
885 2380 957 2432 Lu’
979 2396 1119 2442 Ioseph.
1143 2397 1185 2429 de
1211 2395 1290 2429 beu.
1313 2390 1393 2429 Jud

120 2454 138 2487 5
155 2470 166 2489 ‚
191 2444 224 2480 6.
249 2443 428 2490 Hegefipp.
459 2425 530 2480 (liz.
556 2443 597 2478 ad
614 2444 786 2486 Attis-1,
811 2453 866 2487 15
