1675 2959
300 129 396 178 354
472 113 565 181 JO.
610 116 1102 166 FREINSHEMII
1144 122 1497 176 SUPPLEM.

305 219 384 269 let,
404 220 568 260 liberum
588 221 778 263 habuisset
795 255 805 272 ,
828 225 999 275 ingentes
1026 233 1123 267 terra
1141 230 1309 281 marique
1330 232 1425 272 vires
1443 244 1597 274 contra*

305 291 425 322 xerat.
454 283 634 334 Quinque
660 284 830 334 legiones
857 299 944 325 cum
969 288 1159 337 adjunctis
1182 293 1373 341 equitibus
1392 298 1593 345 trajecerat

302 345 353 384 ab
375 346 511 385 initio:
542 359 656 385 unam
685 348 825 386 deinde
847 348 1025 389 effecerat
1048 365 1098 391 ex
1127 354 1278 405 Sicilia,
1307 370 1390 407 quae
1414 359 1512 398 faeta
1543 373 1592 401 ex

299 408 476 458 duabus,
503 410 657 448 Gemella
682 410 914 459 vocabatur3
942 414 977 451 δε
1013 426 1127 454 unam
1155 430 1202 456 ex
1225 421 1434 469 veteranis,
1462 423 1527 472 qui
1551 423 1592 462 in

302 470 415 517 ¹‚Creta
445 472 481 509 ἃ
507 470 741 510 Macedonia
769 471 874 511 sedes
903 473 1084 524 fixerant,
1122 478 1216 517 duas
1245 482 1286 518 in
1312 483 1394 522 Alia
1427 483 1591 523 conscri-

298 532 446 571 bendas
475 539 669 570 curaverat
693 532 889 575 Lentulus,
925 536 1111 579 Praeterea
1136 551 1227 579 cum
1251 543 1399 583 duabus
1427 546 1587 596 Syriacis

295 592 540 642 legionibus,
567 593 756 633 exercitus
790 595 972 636 Craffiani
1010 597 1205 650 reliquiis,
1243 603 1375 654 Scipio
1404 606 1589 647 Metellus

297 652 601 702 exliieaftabatur.
626 654 850 712 Sagittarios
877 658 945 697 tria
968 659 1089 699 millia
1114 660 1307 704 habebat:
1343 665 1585 708 funditorum

297 715 477 755 cohertes
505 713 598 753 sex:
633 716 806 764 equitum
841 717 985 768 septem
1016 720 1161 772 millia;
1203 727 1410 766 maximam
1437 739 1588 778 partem

296 791 344 817 ex
371 790 501 828 regum
533 775 696 816 auxiliis.
1164 820 1166 822 ,

349 839 398 879 ΙΙ.
424 839 549 878 Naves
575 838 726 888 insuper
749 840 920 881 rostratas
946 842 1140 885 instructas
1164 846 1334 890 habebat
1355 849 1581 895 sexcentas:

294 917 455 955 quarum
477 903 783 954 praestantirfimae
804 915 962 948 centum
985 908 1151 949 Romani
1179 913 1327 962 generis
1357 913 1500 955 milites
1523 930 1587 956 ve-

291 966 467 1006 hebant:
506 967 765 1007 onerariarum
798 977 977 1017 praeterea
1003 972 1194 1011 maximus
1226 986 1407 1012 numerus
1441 977 1586 1016 aderat.

291 1029 387 1070 Eam
417 1027 569 1067 classem
606 1041 675 1078 per
708 1042 866 1068 omnem
902 1032 1138 1072 maritimam
1173 1046 1281 1074 oram
1320 1036 1582 1085 distribuerat,

293 1104 377 1140 quae
415 1092 567 1129 tranlitu
602 1091 786 1130 Caesarem
819 1092 1052 1142 prohiberet.
1091 1096 1262 1135 Navibus
1294 1097 1478 1147 AEgyptiis
1511 1100 1580 1137 Cn.

290 1152 499 1202 PompeJ‘us
519 1152 742 1192 adolescens
764 1165 943 1204 praeerat3
970 1156 1143 1196 Asiaticis
1169 1158 1215 1197 D.
1233 1158 1392 1206 Laelius,
1416 1159 1456 1197 C.
1474 1159 1585 1199 Tria-

290 1213 391 1255 rius,
432 1213 595 1258 Syriacis
626 1216 666 1254 C.
699 1215 866 1263 Caffiu53
906 1216 1069 1256 Rhodiis
1099 1219 1142 1258 C.
1177 1219 1387 1259 Marcellus
1422 1231 1508 1257 cum
1540 1222 1580 1261 (Σ,

291 1270 496 1319 Coponi03
529 1267 740 1307 Liburnicae
766 1283 880 1319 arque
912 1270 1088 1310 Achaicae
1126 1271 1228 1311 claffi
1267 1275 1491 1317 Scribonius
1520 1280 1580 1320 Li-

292 1332 371 1378 bo,
406 1331 466 1370 M.
501 1330 695 1369 Octavius.
741 1332 817 1371 Sed
845 1332 1024 1372 universae
1056 1335 1113 1373 rei
1144 1337 1346 1377 maritimae
1381 1341 1581 1390 praefectu·

288 1407 372 1432 ram
394 1392 452 1432 M.
481 1391 638 1431 Bibulus
665 1393 845 1442 gerebat,
879 1395 941 1434 cui
965 1409 1099 1435 omnes
1125 1397 1261 1448 reliqui
1291 1400 1394 1440 dicio
1420 1403 1577 1443 audien-

286 1464 344 1495 tes
371 1454 445 1494 effe
469 1454 673 1494 debebant.
705 1455 888 1496 Civitates
916 1467 1098 1508 praeterea
1130 1459 1436 1511 Dyrrhachium,
1461 1465 1577 1515 Apol-

287 1519 460 1563 Ioniam,
494 1517 713 1568 ceterasque
746 1520 796 1559 ad
823 1533 907 1560 eam
937 1534 1045 1561 oram
1079 1521 1249 1563 hibernis
1277 1537 1469 1576 occupare
1503 1527 1575 1568 de-

288 1589 469 1619 creverat.

344 1641 410 1681 Ill.
442 1642 490 1680 At
514 1640 699 1680 Lentulus
726 1641 1007 1694 Marcellusque
1037 1643 1236 1691 consules,
1260 1657 1349 1685 cum
1372 1659 1504 1686 eorum
1532 1649 1572 1688 in

286 1705 391 1743 exitu
418 1716 540 1742 annus
567 1703 684 1752 ell'et,
709 1703 880 1744 senatum
906 1715 1179 1746 convocarunt.
1212 1707 1343 1746 Civilis
1367 1709 1468 1747 enim
1497 1710 1571 1750 dis-

284 1764 417 1804 cordia
437 1764 609 1804 senatum
640 1778 794 1816 quoque
816 1769 1101 1817 geminaverat,
1138 1778 1179 1806 ut
1210 1770 1244 1808 6<
1265 1770 1329 1819 qui
1352 1770 1506 1818 Romae,
1534 1774 1570 1811 S.-

284 1828 351 1877 qui
372 1826 587 1876 Apolloniae
603 1836 729 1874 erant,
755 1827 830 1867 hoc
856 1830 903 1867 ad
930 1827 965 1867 se
989 1828 1220 1869 vocabulum
1237 1830 1441 1870 traherent.
1465 1833 1566 1873 Nam

282 1887 387 1937 apud
411 1887 639 1936 Pompejum
666 1886 770 1927 haud
796 1890 921 1928 minus
944 1891 1101 1929 ducenti
1120 1889 1310 1931 senatores
1331 1903 1458 1934 erant:
1486 1906 1569 1933 tan-

282 1961 366 1987 tum
402 1949 436 1986 ei
472 1958 665 1998 paraverat
692 1950 928 1990 auctoritatis
966 1951 1160 2002 suscepta,
1193 1961 1233 1990 ut
1260 1954 1487 2003 putabatur,
1517 1955 1564 1994 li-

281 2011 436 2050 bertatis
469 2011 650 2050 defenfio.
686 2011 807 2062 Igitur
832 2015 867 2052 δε
897 2013 1051 2064 quidam
1085 2014 1203 2053 aetatis
1229 2024 1431 2065 extremae,
1466 2030 1566 2067 prae-

280 2082 382 2112 terea
417 2072 574 2112 claudus
609 2073 727 2113 altero
760 2076 858 2125 pede
886 2077 934 2115 ad
969 2089 1057 2115 eum
1095 2076 1131 2115 se
1168 2078 1409 2127 contulerat3
1444 2082 1480 2119 ἃ
1505 2080 1562 2120 Μ.

277 2135 436 2181 Brutus,
463 2149 693 2184 quamquam
718 2137 766 2175 ad
792 2137 831 2175 id
862 2145 1013 2188 tempus
1038 2137 1290 2188 Pompejum,
1327 2142 1436 2188 cujus
1462 2141 1561 2189 jussu

279 2209 385 2248 pater
413 2198 516 2237 Bruti
543 2199 665 2237 fuerat
689 2200 932 2248 interfectus,
954 2214 1077 2251 neque
1100 2201 1282 2251 salutare,
1305 2215 1429 2253 neque
1449 2205 1565 2256 respi-

279 2274 364 2300 cere
394 2260 536 2299 solitus.
576 2262 625 2300 Ut
656 2272 782 2301 autem
810 2264 964 2309 omnia,
1002 2277 1114 2314 quam
1142 2264 1222 2302 fieri
1249 2264 1396 2314 posset,
1425 2269 1560 2316 proxi-

277 2338 340 2365 me
378 2337 523 2363 morem
561 2326 749 2373 majorum
783 2337 1005 2377 agerentur,
1042 2326 1316 2367 Thellalonicae
1345 2342 1414 2379 per
1439 2343 1557 2382 augu-

327 2433 348 2478 §
375 2434 400 2466 1.
426 2434 573 2478 Appiam.
599 2433 682 2467 caes.
709 2436 729 2479 5
759 2435 800 2470 11.
826 2435 948 2480 X‘ellej.
976 2446 1010 2477 2,
1036 2446 1086 2478 5¹·
1113 2435 1197 2471 Caes.
1224 2436 1371 2481 Appiam
