1675 2959
270 111 368 174 '236
432 110 528 160 JO.
567 104 1478 156 FRE1NSHEM115UPPLEM.

277 218 489 269 oppofitis,
521 225 648 257 cetero
677 215 848 266 equitatu
886 213 1050 265 disperso
1081 212 1348 260 circumvecti,
1377 221 1557 261 magnam

276 282 358 322 vim
384 282 551 333 pulveris
579 281 627 325 de
650 279 832 318 industria
857 278 1118 325 concitarunt,
1143 290 1220 328 quo
1245 275 1491 326 conspectum
1519 275 1557 313 &

275 342 454 394 spiritum
479 342 661 384 Romanis
686 341 914 379 adimerent.
957 341 1081 389 Atque
1106 337 1161 377 illi
1187 337 1321 378 ferales
1345 337 1442 375 inter
1473 347 1559 374 um-

277 406 391 454 bras,
418 408 454 447 &
477 405 579 445 triste
603 403 813 451 filentium,
832 406 952 456 (nam
973 403 1011 441 &
1033 407 1172 441 vocem
1197 399 1457 441 intercluserat
1471 396 1558 449 pul-

274 470 376 508 veris
403 468 555 516 nubes)
580 466 716 516 jaculis
743 473 888 504 temere
915 463 1177 503 incidentibus
1198 463 1420 514 figebantur.
1442 458 1558 501 Mise-

274 527 386 567 rabili
412 536 536 566 morte
557 525 767 564 consumtis
788 523 1002 575 plerisque,
1028 523 1116 574 quia
1140 522 1278 562 vellere
1301 521 1457 560 hamata
1484 518 1558 569 spi-

273 590 366 629 cula
384 598 568 629 conantes
583 619 594 638 ,
623 602 691 640 per
714 601 829 628 venas
844 618 854 636 ,
879 601 947 639 per
974 600 1110 627 nervos
1134 579 1291 638 penitus
1313 582 1468 631 adacta,
1493 582 1560 622 sua
1603 610 1616 628 γ,

273 653 343 703 ipsi
371 664 531 703 corpora
557 652 664 691 foede
682 651 899 691 laniabant:
924 663 974 689 ne
994 649 1206 700 superstites
1229 648 1385 699 quidem
1408 646 1457 685 ad
1482 657 1552 696 pu-

274 727 392 765 gnam
421 721 526 752 erant
551 715 653 764 apti3
676 712 909 763 Publioque‚
940 720 981 750 ut
1003 711 1195 761 impetum
1218 709 1393 748 facerunt
1421 707 1459 744 in
1489 717 1558 744 ca-

273 775 520 825 taphractos,
553 774 761 821 hortante,
805 786 941 813 manus
979 772 1122 820 scutis,
1153 770 1273 822 pedes
1305 767 1386 808 solo
1421 766 1559 807 affixos

270 837 525 877 ostentabant.

329 899 467 941 XLIV.
494 899 613 950 Igitur
631 896 786 938 Publius
811 909 901 937 cum
929 895 1126 947 equitibus
1153 893 1264 933 cursu
1288 893 1460 931 invectus
1483 887 1562 936 est,

272 960 571 1012 haudquaquam
607 962 690 1011 pari
723 962 958 1008 certamine,
985 970 1074 998 cum
1106 957 1211 998 nuda
1241 967 1404 1005 corpora
1433 951 1563 993 Gano-

274 1037 384 1072 rum,
411 1036 502 1063 nam
535 1024 577 1063 id
608 1023 756 1063 roboris
787 1030 893 1069 erat,
918 1020 1137 1061 firmiffimis
1167 1018 1290 1058 contis
1318 1025 1561 1067 percuteren-

273 1093 363 1134 tur3
389 1085 570 1134 Parthos,
590 1085 711 1124 crudo
735 1083 840 1122 corio
855 1113 867 1130 ‚
889 1090 953 1122 aut
976 1082 1095 1121 ferrea
1110 1080 1229 1119 lorica
1252 1079 1373 1117 tectos
1387 1106 1399 1124 ,
1424 1075 1560 1114 breves

274 1149 313 1187 o&
345 1146 557 1187 imbecilles
590 1145 732 1185 lanceae
760 1157 895 1196 parum
920 1142 1176 1182 offenderent.
1211 1141 1312 1191 Ergo
1344 1137 1470 1183 Galli,
1494 1134 1561 1176 ah·-

274 1207 387 1258 jec‘tis
417 1207 586 1255 lanceis,
616 1216 750 1246 contos
777 1204 1071 1257 prehendebant
1104 1203 1306 1248 manibus,
1334 1202 1370 1241 Sc
1402 1199 1451 1238 ad
1473 1210 1560 1236 cor-

276 1283 373 1321 pora
410 1268 577 1309 hostium
621 1269 867 1315 evadebant3
911 1266 1184 1317 correptosque
1221 1261 1476 1303 deturbabant
1513 1269 1560 1297 ex

276 1331 407 1381 equis,
428 1343 618 1370 armorum
648 1331 817 1374 pondere
848 1329 896 1367 ad
921 1326 1192 1378 resurgendum
1221 1322 1423 1364 inhabiles.
1459 1319 1562 1366 Alii,

276 1390 419 1431 relictis
452 1390 550 1438 suis,
583 1391 749 1430 hostium
779 1390 958 1430 subibant
990 1400 1132 1439 equos,
1165 1385 1387 1435 ventresque
1422 1395 1558 1422 eorum

274 1453 500 1500 fodiebant,
533 1462 576 1491 ut
610 1452 712 1492 rabie
747 1453 880 1491 mortis
916 1453 1083 1501 correpti
1118 1456 1344 1489 excuterent
1379 1445 1562 1493 sessores,

275 1514 428 1566 suisque
444 1518 478 1555 ἃ
495 1514 689 1564 hostibus,
713 1525 755 1555 ut
769 1514 926 1565 quisque
946 1522 1164 1553 occurrerat
1176 1542 1188 1559 ,
1212 1509 1426 1562 promiscue
1443 1507 1560 1547 obtri-

276 1576 326 1615 tis
345 1584 683 1618 commorerentur.
710 1577 887 1617 Tandem
909 1576 965 1616 fiti
993 1585 1107 1625 atque
1135 1573 1222 1613 aestu
1239 1604 1251 1620 ,
1282 1572 1386 1622 quod
1416 1579 1561 1609 utrum-

279 1652 353 1691 que
380 1639 484 1690 genti
509 1639 560 1678 est
589 1639 890 1688 infestissimum,
921 1638 1043 1679 coacti
1078 1637 1208 1684 Galli,
1237 1637 1285 1676 ad
1315 1635 1400 1675 suos
1429 1633 1466 1672 se
1491 1645 1561 1683 pe-

280 1703 380 1742 dites
415 1715 659 1753 receperunt,
693 1702 732 1741 in
763 1702 936 1741 medium
966 1708 1128 1750 accepto
1156 1697 1314 1746 Publio,
1341 1696 1405 1747 qui
1431 1693 1560 1735 fortis·

276 1766 369 1806 fime
401 1765 625 1805 dimicando
662 1765 822 1816 graviter
855 1772 936 1804 erat
957 1763 1186 1803 vulneratus.

332 1827 449 1868 XLV.
481 1827 580 1867 Cum
615 1828 656 1866 in
686 1826 827 1866 collem
858 1826 1052 1877 quendam
1085 1822 1299 1870 evalifl'ent,
1329 1820 1493 1871 religatis
1521 1819 1560 1858 in

279 1888 410 1929 medio
439 1888 571 1938 equis,
599 1887 756 1938 clypeos
793 1886 1053 1938 opposuerunt
1086 1884 1329 1923 barbarorum
1361 1881 1468 1928 telis,
1498 1893 1563 1919 au-

281 1949 418 1991 xilium
450 1963 496 1989 ex
518 1950 605 1988 loco
632 1949 827 1988 habituros
853 1950 920 1987 rati
944 1961 952 1988 :
982 1948 1088 1998 quod
1116 1955 1247 1984 contra
1273 1945 1358 1984 fuit.
1397 1955 1487 1998 nam
1520 1943 1560 1979 in

279 2013 398 2065 plano
433 2026 453 2052 a
479 2013 666 2063 prioribus
690 2012 888 2052 ordinibus
916 2011 1115 2061 sequentes
1136 2018 1332 2058 utcunque
1355 2014 1558 2056 teguntur:

281 2076 435 2115 acclivis
468 2075 662 2122 tumulus,
694 2077 782 2125 quia
814 2075 1036 2124 posteriores
1070 2072 1217 2122 semper
1247 2069 1381 2108 altiore
1406 2067 1559 2117 vestigio

280 2137 495 2183 tolluntur,
533 2149 668 2175 omnes
706 2149 751 2175 ex
786 2149 894 2186 aequo
921 2136 1050 2174 nudat.
1088 2134 1131 2174 In
1154 2146 1196 2172 ea
1220 2130 1434 2170 necestitate
1463 2129 1562 2168 Grae-

282 2199 318 2237 ci
347 2199 423 2238 duo
448 2197 605 2237 Carrhas
629 2197 878 2239 incolentium
908 2196 1190 2236 adolescentem
1216 2191 1490 2235 hortabantur,
1517 2199 1558 2229 ut

279 2274 356 2300 cum
384 2260 467 2312 ipsis
488 2260 526 2312 se
553 2260 756 2312 subduceret
779 2259 912 2297 Ichnas
929 2287 941 2307 ,
969 2260 1063 2310 quod
1085 2259 1122 2295 in
1144 2256 1341 2308 propinquo
1369 2256 1559 2292 Romana-

281 2431 310 2466 Τ
329 2387 357 2436 §⁴
375 2386 494 2465 XICMI.
523 2385 665 2430 Appian.
694 2385 782 2419 Plut.
807 2383 949 2418 Diodor.
981 2381 1004 2428 5
1034 2382 1157 2418 Xva.
1180 2382 1267 2416 Plur.
1296 2381 1411 2415 lustin.
1436 2391 1475 2421 ,μ
1497 2406 1506 2420 ,
1532 2390 1564 2413 2·

313 2442 391 2466 acxt.
448 2442 526 2465 erm·
