1675 2959
263 164 355 230 308
422 149 1480 212 JO.FRE1NSHEM118UPPLEM.

262 282 372 312 extra
403 272 507 312 suam
536 271 771 323 provinciam
800 268 1080 318 occupavisset,
1116 268 1285 319 praesidia
1323 269 1543 310 deduceret·

259 335 307 376 Id
337 336 361 374 s1
391 335 557 382 fecisset,
587 335 635 372 ad
657 333 792 371 urbem
819 332 1004 369 redituros
1032 331 1184 378 Patres,
1219 339 1262 369 ut
1299 331 1348 369 de
1379 331 1422 369 iis
1454 331 1540 380 ipsis

257 398 575 442 conditionibus,
603 408 696 445 quas
725 393 942 438 obtulerat,
969 392 1117 431 senatus
1148 391 1278 432 haberi
1296 394 1428 433 Romae
1455 391 1542 441 pos-

255 459 323 499 set.
357 460 400 498 In
432 458 638 508 Hispanias
664 458 806 494 iturum
840 455 1068 503 Pompejum
1102 453 1187 492 effe.
1225 455 1361 494 Neutri
1396 455 1541 493 ducum

257 522 349 562 satis
370 534 442 572 pax
469 519 656 570 placebat.
697 518 924 567 Pompeius,
950 516 974 554 s1
1003 514 1150 566 populo
1173 516 1351 555 Romano
1379 516 1542 567 potestas

258 586 385 625 omnis
409 583 687 628 restitueretur,
720 580 826 618 haud
854 579 971 617 dubie
1003 578 1224 616 inferiorem
1254 577 1291 616 se
1313 580 1429 628 gratia
1456 579 1544 619 Cae-

257 649 350 688 saris
375 646 548 685 rebatur:
579 642 726 690 Caesar,
755 641 803 680 ab
827 642 984 679 ineunte
1003 648 1113 679 aetate
1140 639 1400 689 cupidissimus
1421 643 1545 691 impe-

257 710 389 757 randi,
405 708 693 758 praetermittere
714 704 951 743 occasionem
974 702 1150 749 nolebat,
1169 713 1330 753 gnarus,
1345 715 1423 740 non
1436 702 1544 741 aliud

255 773 327 813 fibi
357 772 406 810 ad
437 770 693 820 principatum
718 768 814 816 iter,
841 778 957 816 quam
980 778 1049 816 per
1079 763 1352 803 conculcatum
1378 764 1545 815 Pompe-

260 837 344 885 ]‘um
360 865 371 880 ,
394 832 479 872 effe.

311 895 412 936 LIII.
435 894 566 943 Itaque
592 891 690 931 maia
716 890 793 929 fide
820 889 948 928 secum
970 887 1031 938 agi
1054 886 1273 934 cavillatus,
1305 887 1434 937 quod,
1454 894 1545 926 ante

255 972 375 1009 quam
409 958 510 996 diem
537 956 656 994 iturus
687 954 728 992 in
756 952 981 1003 Hispaniam
1009 951 1215 1000 Pompejus
1243 949 1360 996 effet,
1393 949 1545 1000 expres-

254 1022 339 1061 sum
365 1033 444 1058 non
462 1018 610 1065 fuerat,
636 1024 719 1055 toto
744 1015 873 1054 animo
897 1015 937 1052 in
956 1011 1100 1051 bellum
1123 1011 1273 1060 versus,
1297 1025 1365 1062 per
1387 1024 1546 1051 omnem

253 1082 407 1123 ltaliam
432 1079 559 1118 literas
583 1077 779 1123 mittebat,
810 1076 884 1114 five
909 1077 991 1124 jure
1013 1074 1163 1122 secum,
1183 1074 1256 1113 five
1281 1076 1394 1113 armis
1419 1087 1548 1125 agere-

253 1153 343 1192 tur,
364 1152 539 1193 paratum
567 1141 616 1179 ad
644 1139 966 1188 disceptationem
993 1136 1217 1184 ostendens;
1239 1135 1348 1174 fimul
1370 1135 1543 1174 hortatus

255 1219 411 1253 omnes,
431 1205 534 1244 bono
557 1202 678 1241 effent
697 1203 850 1246 animo,
877 1212 1001 1250 neque
1025 1198 1062 1237 se
1083 1201 1361 1249 conjungerent
1390 1211 1447 1237 res
1468 1206 1548 1236 tur-

252 1267 347 1307 bare
371 1263 637 1315 cupientibus:
660 1274 739 1299 non
768 1261 894 1298 minus
916 1259 952 1298 se
977 1259 1034 1297 his
1060 1257 1323 1298 consulturum
1347 1271 1415 1309 pro
1443 1257 1541 1306 suis,

254 1329 321 1378 qui
349 1329 389 1366 in
427 1335 587 1373 neutra,
619 1337 733 1374 quam
759 1324 825 1372 qui
861 1322 899 1360 in
931 1321 995 1359 sua
1023 1321 1140 1360 castra
1170 1320 1379 1369 venissent3
1409 1333 1547 1371 quam-

254 1403 372 1441 quam
395 1388 616 1437 Pompejus‚
645 1388 799 1424 auctore
822 1383 901 1423 solo
926 1384 1144 1434 principum
1160 1383 1358 1432 Domitio,
1382 1397 1451 1434 pro
1474 1383 1545 1424 ho.

255 1455 375 1495 stibus
402 1453 438 1492 se
465 1451 708 1497 habiturum,
738 1450 802 1499 qui
827 1448 1049 1499 reipublicae
1075 1447 1305 1495 defuissent,
1338 1447 1520 1487 edixerat.

313 1515 409 1555 LIV.
448 1514 608 1553 Interim
634 1523 712 1549 non
738 1508 959 1559 exspectato
983 1508 1196 1558 legatorum
1227 1507 1349 1546 reditu
1368 1538 1379 1555 ,
1411 1507 1547 1546 acerri-

254 1592 320 1620 me
348 1577 540 1616 delectum
569 1574 709 1613 habere
733 1571 917 1619 Arimini,
955 1578 1172 1620 opportuna
1209 1569 1296 1608 loca
1323 1582 1516 1620 occupare
1533 1601 1548 1620 ‚

255 1642 426 1695 praesidia
453 1640 662 1689 imponere.
696 1637 753 1676 M.
784 1634 968 1675 Antonius
996 1645 1085 1671 cum
1119 1632 1288 1682 quinque
1319 1631 1546 1672 cohortibus

253 1705 427 1746 Aretium
455 1701 640 1748 mittitur;
667 1698 796 1748 ibique
818 1696 1031 1747 praefidium
1048 1693 1237 1744 imponit:
1263 1694 1363 1744 fugit
1379 1694 1418 1732 in
1435 1694 1548 1734 Cam-

254 1770 410 1821 paniam
435 1764 656 1806 Scribonius
682 1761 806 1807 Libo,
835 1759 902 1809 qui
931 1757 1045 1797 tutari
1078 1755 1264 1795 debuerat
1297 1757 1545 1797 Hetruriam:

250 1829 446 1872 Pisaurum
463 1857 473 1874 ,
501 1827 674 1873 Fanum,
699 1826 901 1864 Anconam
918 1852 930 1869 ,
957 1820 1004 1859 ab
1035 1820 1205 1859 Arimino
1248 1818 1368 1858 Caesar
1393 1817 1548 1869 fingulis

254 1890 481 1931 cohortibus
516 1896 692 1938 occupat.
729 1886 938 1926 Curionem
965 1896 1052 1922 cum
1088 1881 1210 1920 tribus
1243 1879 1468 1918 cohortibus
1495 1879 1546 1919 ad

251 1955 432 2004 Iguvium
455 1952 716 2002 recipiendum
738 1950 791 1987 ire
811 1948 940 1997 jubet,
955 1944 1126 1984 validum
1140 1942 1306 1983 Umbriae
1322 1942 1540 1992 oppidum,

255 2017 359 2067 quod
376 2029 395 2054 a
412 2016 559 2064 Quinto
574 2014 752 2054 Minucio
770 2011 941 2052 Thenno
958 2009 1125 2059 quinque
1148 2004 1370 2043 cohortibus
1384 2004 1541 2044 teneba-

251 2089 326 2121 tur.
352 2080 415 2118 sed
430 2078 516 2123 ille,
532 2076 722 2116 voluntati
743 2073 884 2114 diffisus
904 2061 1176 2121 Iguvinorum,
1192 2078 1287 2116 quos
1308 2066 1539 2105 addiffiores

252 2141 389 2182 Caesari
408 2142 479 2179 esse
501 2139 662 2184 sciebat,
683 2137 867 2188 profugit.
906 2132 1046 2172 milites
1070 2131 1153 2179 ejus
1176 2129 1218 2167 in
1242 2129 1379 2167 itinere
1407 2127 1536 2168 disce-

260 2206 379 2251 dunt,
401 2203 637 2252 domumque
661 2201 698 2240 se
723 2199 938 2239 conferunt.

296 2336 318 2379 ς
350 2336 421 2368 LII.
445 2335 587 2368 Sueton.
612 2336 647 2368 'm
672 2334 756 2367 Caes.
779 2346 809 2368 c.
830 2342 893 2375 30,
912 2332 946 2365 δε
972 2331 1104 2364 Neron.
1119 2340 1149 2361 c.
1172 2338 1225 2360 n.
1246 2325 1336 2360 Plut.
1359 2326 1395 2359 in
1416 2326 1550 2358 Antoru

254 2395 292 2416 c,
312 2392 342 2421 9.
366 2381 498 2413 Thuan.
523 2383 544 2412 l.
571 2391 622 2412 11.
644 2381 715 2413 Cic.
740 2379 779 2411 ad
804 2379 907 2412 Λαὶς.
928 2389 970 2419 ·‚
997 2385 1048 2415 17.
1080 2375 1099 2410 S
1126 2373 1213 2406 LIII.
1245 2372 1333 2405 Flor.
1359 2383 1397 2411 4,
1418 2382 1450 2402 2.
1473 2369 1550 2403 Cic.

260 2427 420 2505 ggliliar.
447 2425 534 2460 Plin.
562 2435 604 2470 3,
630 2437 682 2468 14.
716 2425 739 2471 §
767 2423 861 2461 LIV.
885 2422 970 2456 min.
993 2431 1033 2466 3,
1058 2430 1113 2464 ¹3·
1138 2418 1210 2472 Cic.
1236 2418 1277 2451 ad
1301 2417 1408 2450 Attic.
1433 2425 1473 2456 7,
1494 2425 1551 2460 13.
