1675 2959
228 48 319 111 306
386 47 478 94 JO.
514 43 1044 92 FREINSHEMII
1082 42 1449 91 SUPPLEMs

216 166 313 193 nem
339 160 465 192 metus
486 152 668 203 imperat:
696 149 842 190 nemini
864 162 945 188 non
967 161 1024 187 res
1045 147 1198 198 misera,
1223 148 1383 197 acerba,
1403 155 1513 187 atrox

221 217 384 255 videtur.
424 216 524 256 Nam
555 216 591 254 δε
611 214 674 263 qui
702 225 792 251 cum
814 221 896 250 tota
920 211 1067 251 familia
1097 211 1411 263 egrediebantur,
1447 212 1512 250 de-

220 277 372 328 sperato
395 277 518 316 reditu
535 306 546 324 ‚
574 275 635 314 vix
663 281 845 324 poterant
867 271 916 311 ab
941 281 1118 313 extremo
1151 273 1279 324 patriae
1306 273 1513 323 conspeetu

221 338 360 379 avelli:
395 340 431 378 ἃ
456 338 520 388 qui
545 336 630 376 suos
657 334 944 384 relinquebant,
969 333 1055 384 plus
1088 335 1348 385 angebantur3
1375 334 1516 375 cariffi·

222 415 288 442 ma
317 403 500 453 pignora,
523 412 612 438 mox
635 400 675 437 in
699 398 886 448 potestate
909 398 990 446 ejus
1013 396 1144 435 futura
1160 406 1401 448 reputantes,
1422 410 1516 436 con-

222 472 283 503 tra
332 476 444 514 quem
476 460 544 511 ipsi
581 460 724 499 ferrum
764 459 997 508 stringerent.
1033 456 1145 497 Plebs
1177 466 1306 497 autem
1338 460 1514 499 Romana

221 524 389 565 consiliis
431 521 620 572 armisque
654 521 809 568 orbam,
845 523 881 560 δε
915 519 1130 570 expositam
1163 518 1328 559 lubidini
1360 521 1515 561 victoris

220 589 357 629 urbem
380 594 558 636 reputans
575 616 586 634 ‚
614 584 852 635 superiorum
879 582 1053 623 civilium
1082 581 1270 622 bellorum
1301 582 1429 632 mala,
1457 583 1514 623 di.

220 653 444 702 reptiones,
485 650 635 695 caedes,
667 647 848 686 incendia
885 644 1140 696 loquebatur3
1178 645 1316 695 majori
1349 645 1513 695 timore,

222 713 327 763 quod
353 724 375 750 a
407 710 551 751 Caesare
583 723 722 761 magna
752 708 1002 748 barbarorum
1034 707 1177 746 adduci
1205 706 1415 747 multitudo
1446 709 1515 748 di-

222 783 383 813 ceretur.

289 840 465 882 XLVIII.
498 837 771 890 Aggravabant
807 836 1076 888 augebantque
1113 833 1310 874 horrorem
1345 836 1518 876 nuntiata

221 915 348 953 nuper
375 902 573 952 prodigia,
597 912 759 938 numero
781 900 816 938 &
831 898 1006 937 foeditate
1029 896 1226 936 terribilia.
1250 898 1354 937 Nam
1374 898 1415 937 in
1442 897 1521 948 ipsa

223 963 319 1002 urbe
357 962 440 1013 lupi
473 964 699 1011 nocaeuaeque
730 960 950 1009 frequentes
982 969 1262 1009 apparuerant:
1302 959 1520 1010 sanguineae

223 1025 388 1078 pluviae,
419 1034 524 1064 terra?
555 1032 682 1062 motus
707 1022 827 1061 crebri
851 1034 938 1061 curn
963 1021 1201 1071 mugitibus,
1223 1021 1337 1059 etiam
1362 1020 1522 1070 Romae,

225 1089 516 1129 simulacrorum
546 1087 726 1134 sudores,
762 1085 893 1124 multis
929 1097 977 1124 ex
1008 1084 1105 1124 locis
1135 1083 1421 1123 nuntiabantur.
1456 1083 1523 1123 sed

227 1153 264 1192 ἅ
303 1151 366 1190 fax
411 1151 458 1189 ab
496 1150 716 1189 Occidente
753 1149 793 1186 in
830 1147 1031 1188 Orientem
1062 1146 1149 1185 ferri
1184 1144 1387 1196 conspecta
1418 1153 1521 1187 erat:

226 1213 351 1253 multa
377 1214 467 1252 fana
492 1211 656 1251 fulmine
682 1212 809 1258 taeta3
845 1209 968 1260 ipsum
996 1208 1232 1260 Capitolium
1249 1239 1262 1255 ‚
1291 1207 1359 1246 ubi
1384 1209 1420 1247 ἃ
1445 1205 1523 1246 sce·

228 1285 359 1326 ptrum
390 1274 497 1321 Jovis
530 1275 565 1312 Sc
595 1271 704 1323 galea
732 1271 867 1312 Martis
902 1272 1072 1322 percussa
1103 1270 1214 1320 sunt,
1249 1271 1418 1320 itemque
1451 1281 1525 1309 aera

227 1335 383 1386 legum:
416 1336 579 1375 aedificia
604 1334 747 1383 multa,
773 1347 855 1385 quae
872 1334 969 1374 inter
992 1336 1026 1374 Sc
1042 1333 1194 1384 Quirini
1217 1332 1348 1372 fanum
1365 1363 1375 1380 ‚
1393 1332 1527 1371 incen-

229 1398 296 1436 dio
323 1397 474 1437 hausta:
518 1395 574 1436 sol
603 1406 707 1435 totus
733 1396 955 1435 obscuratus
982 1396 1045 1435 est.
1073 1394 1274 1435 Monstrofi
1299 1393 1523 1434 animalium

229 1470 358 1510 partus
384 1459 498 1499 editi:
530 1459 695 1499 minacia
722 1458 890 1498 carmina
917 1471 987 1509 pro
1009 1457 1206 1509 Sibyllinis
1229 1456 1409 1507 vulgata3
1441 1456 1524 1508 pas-

228 1522 375 1570 simque
403 1520 529 1559 furore
554 1520 718 1570 correpti
748 1520 829 1559 dira
865 1520 983 1559 multa
1006 1520 1237 1560 cecinerunt.
1277 1519 1323 1560 In
1347 1519 1523 1559 Cumano

231 1582 344 1622 arbor
376 1580 568 1629 subsedit,
602 1581 734 1632 paucis
767 1581 879 1620 ramis
905 1580 1178 1620 eminentibus.

288 1650 433 1691 XLIX.
460 1648 523 1688 ‘³³³0
540 1660 625 1689 earn
650 1662 728 1688 rem
750 1649 843 1688 aditi
866 1648 975 1696 libri,
991 1658 1280 1699 repertumque,
1294 1647 1523 1688 internecio-

229 1726 321 1753 nem
339 1713 542 1752 hominum
565 1712 647 1751 fore
661 1743 672 1761 ,
687 1721 872 1762 tantoque
894 1714 1081 1762 majorem
1095 1743 1105 1759 ‚
1127 1722 1269 1762 quanto
1295 1712 1455 1762 propius
1474 1710 1522 1765 ab

228 1777 325 1816 urbe
340 1776 527 1815 ostentum
545 1776 687 1815 fartum
712 1775 813 1815 effet.
839 1776 914 1816 Sed
935 1778 969 1816 ἃ
984 1776 1179 1816 ominibus
1197 1775 1354 1815 accensa
1369 1775 1419 1814 est
1442 1788 1525 1814 mo-

229 1838 279 1876 ris
306 1837 450 1886 antiqui
478 1836 764 1886 praetermissio,
802 1838 906 1888 quod
938 1837 1065 1876 nullus
1094 1838 1272 1876 feriarum
1300 1837 1522 1876 Latinarum

231 1897 342 1936 causa
362 1896 562 1947 praefectus
585 1897 670 1936 urbi
694 1905 843 1936 creatus
869 1897 959 1937 fuit:
992 1897 1108 1947 idque
1133 1910 1233 1936 anno
1259 1896 1437 1947 sequente
1459 1907 1525 1946 pa-

234 1960 321 1998 riter
355 1959 555 2007 omiss‘um,
581 1960 684 1998 vices
710 1959 878 2010 pr'aefecti
904 1960 1127 2010 praetoribus
1159 1959 1315 1998 interim
1347 1956 1524 1997 obeunti-

230 2022 318 2063 bus.
360 2022 509 2061 Eodem
542 2035 643 2061 anno
672 2023 729 2062 M.
762 2023 949 2074 Perperna
982 2032 1154 2062 mortuus
1186 2022 1269 2071 est,
1301 2021 1524 2060 noviffimus

232 2083 408 2123 omnium
426 2114 436 2131 ‚
462 2096 556 2133 quos
583 2084 716 2123 consul
739 2086 779 2124 in
804 2085 935 2125 senatu
963 2085 1189 2125 sententiam
1214 2091 1433 2135 rogaverat:
1460 2094 1527 2120 ne-

234 2158 308 2197 que
328 2145 413 2196 plus
435 2145 580 2197 septem
604 2148 645 2185 in
669 2147 746 2186 vita
767 2147 919 2199 reliquit
938 2162 987 2188 ex
1007 2149 1072 2198 iis,
1094 2159 1189 2198 quos
1212 2155 1301 2186 ante
1321 2144 1539 2195 septimum*

284 2269 307 2313 §
336 2269 474 2305 XLVII.
493 2269 569 2304 Cic.
590 2270 630 2304 ad
653 2270 761 2307 Attic.
788 2279 832 2314 7,
861 2280 912 2316 13.
941 2270 964 2316 §
987 2270 1145 2309 XLvm.
1168 2270 1250 2307 Dio.
1272 2270 1420 2316 Appian.
1440 2268 1530 2303 Plin.

236 2328 298 2364 17,
324 2332 381 2364 25.
