1675 2959
272 100 364 133 210
433 89 533 138 JO.
567 90 1077 138 {animamur
1112 62 1459 143 sowi-EM.

268 191 456 244 dolorque
480 193 646 232 civitatis
668 193 706 231 in
732 194 963 233 immensum
983 196 1128 236 exarsit.
1153 198 1295 248 Spretae
1314 199 1417 239 haud
1437 201 1553 240 dubie

266 253 472 304 religiones
487 284 497 301 ,
524 252 704 303 neglectae
730 253 832 304 leges
849 284 860 301 ‚
883 254 1110 296 conculcata
1133 257 1303 307 senatus,
1327 261 1552 301 conculcata

265 316 403 366 populi
426 315 589 356 Romani
617 316 821 355 auotoritas
848 323 954 355 erat:
994 330 1113 367 eaque
1141 321 1349 370 provinciae
1376 323 1492 362 etiam
1517 326 1553 363 &

262 374 437 426 equitum
460 376 725 415 Romanorum
750 374 911 425 querelis
936 377 1250 426 aggravabantur.

309 437 475 478 --XLVH
501 437 602 488 SYX‘I,
620 437 853 491 spoliatos-fi:
878 452 901 476 a
922 438 1142 488 latronibus,
1157 443 1337 494 spoliatos
1362 459 1385 482 a
1405 459 1552 497 procon-

252 500 332 553 sule
346 515 362 546 ,·
388 497 586 549 publicani
601 528 615 544 ,
627 497 694 550 jus
703 498 774 549 fibi
798 513 868 536 non
885 498 1033 548 dierum,
1048 501 1228 552 paffiones
1251 504 1406 556 resciffizs
1420 535 1433 552 ,
1451 505 1554 543 verli-

258 562 358 614 gales
390 562 516 598 multos
544 560 738 608 liberatos,
775 561 884 614 iifiJue
913 562 1011 600 rebus
1044 564 1198 602 rationes
1217 565 1309 617 ficas
1336 581 1466 619 remque
1488 567 1554 620 fh-

261 624 429 662 miliar-em
462 621 625 674 afflibldm
657 623 874 674 evershmque
904 622 990 674 ff,
1029 623 1323 672 quiritabantur.
1369 626 1552 666 Gabinius

263 685 368 721 enirn
382 711 392 730 ‚
409 691 451 720 ut
472 680 616 729 Judaeis
634 690 747 730 atque
767 682 868 732 Syris
891 680 928 720 se
949 682 1190 730 venditaret,
1206 696 1228 722 a
1250 683 1387 734 quibus
1412 686 1551 726 multas

257 745 473 795 accipiebat
506 744 713 794 pecunias,
744 744 795 782 ita
829 743 866 783 se
895 744 1035 784 durum
1061 745 1273 796 publicanis
1318 748 1552 799 praebuerat,

260 816 330 850 ut.
347 820 422 857 quo
446 807 486 845 in
509 806 654 856 oppido
678 805 757 855 ipse
776 804 888 853 effet,
914 815 979 845 aut
1000 820 1076 857 quo
1101 810 1251 848 veniret
1266 840 1277 857 ‚
1300 810 1352 850 ibi
1375 810 1552 861 publica-

260 881 379 913 num,
409 875 475 906 aut
501 865 699 918 publicani
725 865 872 905 servum
901 867 974 906 effe
1001 881 1079 906 non
1107 877 1310 919 pateretur.
1346 871 1452 911 Inter
1476 873 1552 912 fre·

259 930 377 968 mirus
394 927 668 979 plurimorum,
689 927 836 976 judicia
861 929 897 967 δε
915 941 1050 978 poenas
1067 928 1196 980 legum
1213 931 1450 982 poscentium
1464 962 1476 980 ,
1491 933 1555 973 Ci-

260 990 412 1029 ceronis
439 988 604 1028 maxime
638 988 807 1026 tonitrua
839 987 1102 1028 audiebantur.
1135 990 1171 1029 Is
1201 990 1241 1028 in
1270 991 1552 1042 rempublicam

258 1052 411 1100 studio,
432 1046 609 1090 adversus
637 1051 838 1089 inimicum
867 1051 947 1098 ira,
976 1062 1065 1089 cum
1089 1051 1188 1090 nihil
1215 1065 1372 1102 eorum,
1397 1067 1479 1105 quae
1500 1056 1551 1095 ad

256 1112 464 1152 irritandos
491 1106 639 1150 anim'os
664 1109 930 1160 pertinebant,
956 1110 1146 1150 intactum
1176 1114 1395 1161 omitteret,
1421 1118 1549 1166 praeci-

257 1186 337 1225 pue
364 1172 524 1220 institit,
554 1184 593 1210 ut
617 1169 790 1222 Sibyllini
825 1171 907 1209 libri
937 1173 1049 1209 denuo
1082 1173 1350 1224 inspicerentur,
1382 1174 1417 1211 6³
1437 1190 1481 1215 ex
1501 1177 1551 1215 iis

256 1250 393 1274 carmen
418 1236 460 1272 de
491 1235 582 1287 regis
606 1233 852 1273 Alexandrini
876 1234 1084 1286 restitutione
1111 1236 1241 1286 rursum
1267 1237 1428 1276 ederetur.

313 1297 494 1338 XLVIII.
531 1297 764 1345 Adjunetunx
794 1296 899 1335 enim
927 1295 980 1335 ibi
1014 1296 1187 1346 sperabat
1218 1297 1365 1348 aliquid
1396 1300 1443 1339 de
1468 1314 1550 1351 poe-

255 1373 307 1400 na
329 1359 466 1410 spretae
504 1358 698 1409 religionis
732 1358 819 1398 effe.
871 1359 1049 1399 Ceterum
1086 1360 1291 1411 Pompejus
1326 1362 1548 1414 Crassusque

257 1420 432 1462 consules
451 1451 462 1470 ‚
494 1420 588 1460 alter
616 1423 748 1460 auctor
774 1420 984 1461 reducendi
1017 1422 1139 1472 regis,
1173 1422 1318 1463 Craffus
1346 1436 1503 1476 accepta
1527 1441 1550 1466 a

258 1484 427 1524 Gabinio
444 1484 609 1533 pecunia
624 1513 635 1531 ,
661 1483 774 1536 (tum
797 1483 898 1522 enim
921 1483 1047 1522 adhuc
1069 1484 1108 1522 in
1132 1484 1225 1524 urbe
1245 1486 1348 1534 erat)
1364 1487 1460 1526 nihil
1483 1488 1551 1527 de-

258 1545 367 1584 cerni
400 1543 584 1584 sinebant.
615 1556 672 1582 res
695 1545 735 1582 in
757 1555 901 1582 annum
929 1542 1147 1593 sequentem
1181 1547 1362 1585 extracffa.
1395 1546 1546 1587 Interea

257 1608 303 1649 C.
328 1606 449 1647 Caesar
478 1606 651 1657 Usipetes
682 1604 998 1655 Tenchterosque
1028 1605 1208 1646 Rhenum
1238 1607 1480 1657 transgreslbs
1508 1611 1546 1648 in

258 1669 387 1711 Gallia
411 1669 516 1708 vicit.
547 1668 669 1708 Causa
688 1667 764 1707 illis
787 1668 1007 1709 transeundi
1031 1668 1128 1716 fuit,
1154 1669 1260 1720 quod
1287 1668 1458 1721 pluribus
1483 1685 1547 1711 an.

255 1732 316 1772 nis
340 1730 443 1771 bello
472 1731 683 1771 Suevorum
708 1729 889 1780 exagitati
905 1761 916 1776 ‚
945 1729 1084 1780 patrios
1108 1729 1204 1769 fines
1228 1729 1326 1770 ultra
1349 1732 1445 1770 tueri
1462 1745 1543 1772 non

256 1800 446 1844 poterant.
485 1791 605 1842 Igitur
632 1803 721 1830 cum
755 1804 822 1841 per
847 1791 966 1830 varias
996 1791 1206 1831 Germaniae
1234 1800 1359 1843 partes
1396 1794 1546 1844 vagati,

255 1853 449 1905 postremo
476 1853 524 1891 ad
552 1851 732 1891 Rhenum
760 1865 912 1891 amnem
940 1852 1220 1909 pervenissent,
1246 1866 1321 1904 qua
1343 1855 1544 1906 Menapio-

255 1929 343 1955 rum
379 1928 470 1966 gens
504 1924 709 1965 utramque
741 1915 864 1964 ripam
901 1915 1073 1955 aedificiis
1109 1916 1274 1966 vicisque
1315 1917 1542 1967 obtinebat;

256 1990 338 2016 non
357 1976 444 2015 sunt
467 1975 614 2016 admissi
641 1989 662 2015 a
680 1975 893 2027 Menapiis,
916 1978 1006 2026 qui,
1032 1978 1202 2017 retractis
1221 1978 1260 2016 in
1281 1978 1467 2020 Gallicam
1495 1981 1546 2020 ri-

255 2050 346 2089 pam
370 2036 443 2076 suis
471 2037 679 2084 omnibus,
711 2036 906 2076 transitum
931 2038 1054 2076 amnis
1079 2038 1358 2079 custodiebant.

324 2099 471 2140 XLIX.
501 2100 705 2149 Germani,
725 2099 900 2139 simulato
932 2100 1112 2149 discessu,
1139 2102 1245 2151 quod
1279 2103 1394 2142 tridui
1423 2103 1545 2155 spatio

259 2163 331 2201 iter
354 2160 623 2206 confecerant,
651 2173 724 2199 una
747 2162 860 2201 nocte
886 2173 974 2199 cum
997 2160 1190 2211 equitibus
1213 2163 1392 2212 remensi,
1413 2178 1548 2214 quem-

257 2221 471 2264 admodum
500 2220 771 2272 speraverant,
796 2221 998 2272 Menapios
1025 2223 1074 2262 ad
1102 2221 1274 2272 pristinas
1294 2223 1401 2264 sedes
1425 2238 1548 2266 rever-

320 2338 340 2374 Ε
373 2337 495 2370 XLVL
521 2338 606 2371 Liv.
628 2339 677 2382 Ep
681 2339 719 2371 it.
746 2339 831 2372 Caes.
862 2340 902 2371 de
929 2339 965 2371 B.
999 2339 1045 2373 G.
1064 2352 1104 2380 4,
1129 2350 1157 2373 1.
1188 2340 1209 2383 §
1233 2340 1550 2379 XLV11.Diod0r

257 2379 349 2417 Plut.
376 2381 410 2415 in
445 2381 528 2418 Caes.
553 2395 582 2417 c
604 2393 659 2428 32.
658 2351 706 2430 Ρ5
732 2365 1253 2429 va111.010s.6,’8.P1u1.
