<?xml version="1.0" encoding="UTF-8"?>
<!DOCTYPE html PUBLIC "-//W3C//DTD XHTML 1.0 Transitional//EN"
    "http://www.w3.org/TR/xhtml1/DTD/xhtml1-transitional.dtd">
<html xmlns="http://www.w3.org/1999/xhtml" xml:lang="en" lang="en">
 <head>
  <title>
</title>
<meta http-equiv="Content-Type" content="text/html;charset=utf-8" />
  <meta name='ocr-system' content='tesseract 3.04.00' />
  <meta name='ocr-capabilities' content='ocr_page ocr_carea ocr_par ocr_line ocrx_word'/>
</head>
<body>
  <div class='ocr_page' id='page_1' title='image "./historiarumlibri10livyuoft_0084.png"; bbox 0 0 1675 2959; ppageno 0'>
   <div class='ocr_carea' id='block_1_1' title="bbox 234 117 1432 187">
    <p class='ocr_par' dir='ltr' id='par_1_1' title="bbox 234 117 1432 187">
     <span class='ocr_line' id='line_1_1' title="bbox 234 117 1432 187; baseline -0.005 -17"><span class='ocrx_word' id='word_1_1' title='bbox 234 136 296 187; x_wconf 85' lang='lat'><strong>¹72</strong></span> <span class='ocrx_word' id='word_1_2' title='bbox 366 117 1432 172; x_wconf 80' lang='lat' dir='ltr'>JO.FRE1NSHEM115UPPLEM.</span> 
     </span>
    </p>
   </div>
   <div class='ocr_carea' id='block_1_2' title="bbox 232 221 1546 1457">
    <p class='ocr_par' dir='ltr' id='par_1_2' title="bbox 232 221 1537 828">
     <span class='ocr_line' id='line_1_2' title="bbox 238 221 1531 281; baseline -0.006 -11"><span class='ocrx_word' id='word_1_3' title='bbox 238 229 357 270; x_wconf 85' lang='lat' dir='ltr'><strong>dente</strong></span> <span class='ocrx_word' id='word_1_4' title='bbox 386 237 543 281; x_wconf 87' lang='lat' dir='ltr'><strong>portas,</strong></span> <span class='ocrx_word' id='word_1_5' title='bbox 569 229 635 269; x_wconf 80' lang='lat' dir='ltr'><strong>il-le</strong></span> <span class='ocrx_word' id='word_1_6' title='bbox 665 230 779 269; x_wconf 85' lang='lat' dir='ltr'><strong>datus</strong></span> <span class='ocrx_word' id='word_1_7' title='bbox 813 228 856 268; x_wconf 89' lang='lat' dir='ltr'><strong>in</strong></span> <span class='ocrx_word' id='word_1_8' title='bbox 887 226 1103 266; x_wconf 86' lang='lat' dir='ltr'><strong>custodiam</strong></span> <span class='ocrx_word' id='word_1_9' title='bbox 1143 225 1220 273; x_wconf 89' lang='lat' dir='ltr'><strong>est,</strong></span> <span class='ocrx_word' id='word_1_10' title='bbox 1259 224 1350 264; x_wconf 83' lang='lat' dir='ltr'><strong>urbs</strong></span> <span class='ocrx_word' id='word_1_11' title='bbox 1373 221 1531 264; x_wconf 83' lang='lat' dir='ltr'><strong>obseffa.</strong></span> 
     </span>
     <span class='ocr_line' id='line_1_3' title="bbox 235 285 1533 342; baseline -0.005 -12"><span class='ocrx_word' id='word_1_12' title='bbox 235 305 355 342; x_wconf 85' lang='lat' dir='ltr'><strong>quam</strong></span> <span class='ocrx_word' id='word_1_13' title='bbox 379 293 447 332; x_wconf 89' lang='lat' dir='ltr'><strong>ubi</strong></span> <span class='ocrx_word' id='word_1_14' title='bbox 471 292 640 342; x_wconf 84' lang='lat' dir='ltr'>Hyrcani</span> <span class='ocrx_word' id='word_1_15' title='bbox 666 290 839 341; x_wconf 80' lang='lat' dir='ltr'><strong>partibus</strong></span> <span class='ocrx_word' id='word_1_16' title='bbox 866 287 988 328; x_wconf 86' lang='lat' dir='ltr'><strong>dediti</strong></span> <span class='ocrx_word' id='word_1_17' title='bbox 1004 294 1258 339; x_wconf 82' lang='lat' dir='ltr'><strong>aperuerunt,</strong></span> <span class='ocrx_word' id='word_1_18' title='bbox 1275 285 1360 326; x_wconf 85' lang='lat' dir='ltr'><strong>Piso</strong></span> <span class='ocrx_word' id='word_1_19' title='bbox 1386 285 1533 336; x_wconf 82' lang='lat' dir='ltr'><strong>legatus</strong></span> 
     </span>
     <span class='ocr_line' id='line_1_4' title="bbox 234 347 1535 404; baseline -0.005 -11"><span class='ocrx_word' id='word_1_20' title='bbox 234 353 438 404; x_wconf 85' lang='lat' dir='ltr'><strong>Pompeji‚</strong></span> <span class='ocrx_word' id='word_1_21' title='bbox 451 354 554 404; x_wconf 85' lang='lat' dir='ltr'><strong>regia</strong></span> <span class='ocrx_word' id='word_1_22' title='bbox 571 359 780 404; x_wconf 81' lang='lat' dir='ltr'><strong>occupata,</strong></span> <span class='ocrx_word' id='word_1_23' title='bbox 805 350 1020 402; x_wconf 83' lang='lat' dir='ltr'><strong>praefidium</strong></span> <span class='ocrx_word' id='word_1_24' title='bbox 1034 349 1088 390; x_wconf 90' lang='lat' dir='ltr'><strong>ibi</strong></span> <span class='ocrx_word' id='word_1_25' title='bbox 1108 349 1249 400; x_wconf 82' lang='lat' dir='ltr'>posuit,</span> <span class='ocrx_word' id='word_1_26' title='bbox 1273 347 1483 398; x_wconf 84' lang='lat' dir='ltr'><strong>domusque</strong></span> <span class='ocrx_word' id='word_1_27' title='bbox 1499 349 1535 387; x_wconf 72' lang='grc' dir='ltr'><strong>δε</strong></span> 
     </span>
     <span class='ocr_line' id='line_1_5' title="bbox 237 410 1537 465; baseline -0.005 -11"><span class='ocrx_word' id='word_1_28' title='bbox 237 413 313 454; x_wconf 85' lang='lat' dir='ltr'><strong>alia</strong></span> <span class='ocrx_word' id='word_1_29' title='bbox 328 445 339 462; x_wconf 84' lang='lat'><strong>‚</strong></span> <span class='ocrx_word' id='word_1_30' title='bbox 366 414 514 465; x_wconf 89' lang='lat' dir='ltr'><strong>templo</strong></span> <span class='ocrx_word' id='word_1_31' title='bbox 528 445 539 462; x_wconf 92' lang='lat'><strong>,</strong></span> <span class='ocrx_word' id='word_1_32' title='bbox 559 414 665 464; x_wconf 91' lang='lat' dir='ltr'><strong>quod</strong></span> <span class='ocrx_word' id='word_1_33' title='bbox 690 412 851 452; x_wconf 83' lang='lat' dir='ltr'><strong>rebelles</strong></span> <span class='ocrx_word' id='word_1_34' title='bbox 876 419 1163 461; x_wconf 86' lang='lat' dir='ltr'><strong>occupaverant</strong></span> <span class='ocrx_word' id='word_1_35' title='bbox 1179 440 1190 458; x_wconf 91' lang='lat'><strong>,</strong></span> <span class='ocrx_word' id='word_1_36' title='bbox 1213 410 1340 451; x_wconf 85' lang='lat' dir='ltr'><strong>vicina</strong></span> <span class='ocrx_word' id='word_1_37' title='bbox 1361 422 1537 448; x_wconf 90' lang='lat' dir='ltr'><strong>commu-</strong></span> 
     </span>
     <span class='ocr_line' id='line_1_6' title="bbox 234 471 1535 527; baseline -0.004 -12"><span class='ocrx_word' id='word_1_38' title='bbox 234 478 365 517; x_wconf 86' lang='lat' dir='ltr'><strong>nivit:</strong></span> <span class='ocrx_word' id='word_1_39' title='bbox 404 477 547 515; x_wconf 85' lang='lat' dir='ltr'><strong>deinde</strong></span> <span class='ocrx_word' id='word_1_40' title='bbox 580 475 795 527; x_wconf 82' lang='lat' dir='ltr'><strong>templum,</strong></span> <span class='ocrx_word' id='word_1_41' title='bbox 830 488 904 525; x_wconf 87' lang='lat' dir='ltr'><strong>qua</strong></span> <span class='ocrx_word' id='word_1_42' title='bbox 927 473 1158 527; x_wconf 80' lang='lat' dir='ltr'><strong>respiciebat</strong></span> <span class='ocrx_word' id='word_1_43' title='bbox 1186 471 1444 522; x_wconf 87' lang='lat' dir='ltr'><strong>Aquilonem,</strong></span> <span class='ocrx_word' id='word_1_44' title='bbox 1476 472 1535 511; x_wconf 89' lang='lat' dir='ltr'><strong>in-</strong></span> 
     </span>
     <span class='ocr_line' id='line_1_7' title="bbox 232 535 1532 590; baseline -0.004 -12"><span class='ocrx_word' id='word_1_45' title='bbox 232 538 380 579; x_wconf 85' lang='lat' dir='ltr'><strong>firmius</strong></span> <span class='ocrx_word' id='word_1_46' title='bbox 406 552 448 577; x_wconf 88' lang='lat' dir='ltr'><strong>ea</strong></span> <span class='ocrx_word' id='word_1_47' title='bbox 471 547 604 590; x_wconf 86' lang='lat' dir='ltr'><strong>parte,</strong></span> <span class='ocrx_word' id='word_1_48' title='bbox 625 551 742 588; x_wconf 87' lang='lat' dir='ltr'><strong>quam</strong></span> <span class='ocrx_word' id='word_1_49' title='bbox 770 546 899 579; x_wconf 90' lang='lat' dir='ltr'><strong>cetero</strong></span> <span class='ocrx_word' id='word_1_50' title='bbox 928 536 1098 584; x_wconf 88' lang='lat' dir='ltr'><strong>ambitu,</strong></span> <span class='ocrx_word' id='word_1_51' title='bbox 1122 535 1255 576; x_wconf 88' lang='lat' dir='ltr'><strong>videns</strong></span> <span class='ocrx_word' id='word_1_52' title='bbox 1270 567 1285 583; x_wconf 91' lang='lat'><strong>,</strong></span> <span class='ocrx_word' id='word_1_53' title='bbox 1311 547 1532 585; x_wconf 86' lang='lat' dir='ltr'><strong>oppugnare</strong></span> 
     </span>
     <span class='ocr_line' id='line_1_8' title="bbox 236 594 1533 651; baseline -0.005 -10"><span class='ocrx_word' id='word_1_54' title='bbox 236 602 371 651; x_wconf 88' lang='lat' dir='ltr'><strong>coepit.</strong></span> <span class='ocrx_word' id='word_1_55' title='bbox 403 602 492 641; x_wconf 86' lang='lat' dir='ltr'>Erat</span> <span class='ocrx_word' id='word_1_56' title='bbox 521 609 653 639; x_wconf 87' lang='lat' dir='ltr'><strong>tamen</strong></span> <span class='ocrx_word' id='word_1_57' title='bbox 676 599 733 640; x_wconf 91' lang='lat' dir='ltr'><strong>ibi</strong></span> <span class='ocrx_word' id='word_1_58' title='bbox 767 612 922 650; x_wconf 89' lang='lat' dir='ltr'><strong>quoque</strong></span> <span class='ocrx_word' id='word_1_59' title='bbox 946 611 1118 650; x_wconf 87' lang='lat' dir='ltr'><strong>praeceps</strong></span> <span class='ocrx_word' id='word_1_60' title='bbox 1146 599 1182 638; x_wconf 71' lang='grc' dir='ltr'>ἃ</span> <span class='ocrx_word' id='word_1_61' title='bbox 1209 595 1373 647; x_wconf 87' lang='lat' dir='ltr'><strong>abrupta</strong></span> <span class='ocrx_word' id='word_1_62' title='bbox 1400 594 1533 644; x_wconf 81' lang='lat' dir='ltr'><strong>vallis,</strong></span> 
     </span>
     <span class='ocr_line' id='line_1_9' title="bbox 239 657 1536 713; baseline -0.004 -10"><span class='ocrx_word' id='word_1_63' title='bbox 239 665 275 704; x_wconf 64' lang='grc' dir='ltr'>ἃ</span> <span class='ocrx_word' id='word_1_64' title='bbox 294 672 454 713; x_wconf 84' lang='lat' dir='ltr'><strong>pontem</strong></span> <span class='ocrx_word' id='word_1_65' title='bbox 468 693 479 710; x_wconf 86' lang='lat'>‚</span> <span class='ocrx_word' id='word_1_66' title='bbox 503 663 568 713; x_wconf 89' lang='lat' dir='ltr'><strong>qui</strong></span> <span class='ocrx_word' id='word_1_67' title='bbox 596 661 787 712; x_wconf 88' lang='lat' dir='ltr'><strong>templum</strong></span> <span class='ocrx_word' id='word_1_68' title='bbox 804 661 890 700; x_wconf 90' lang='lat' dir='ltr'><strong>urbi</strong></span> <span class='ocrx_word' id='word_1_69' title='bbox 907 660 1113 712; x_wconf 74' lang='lat' dir='ltr'><strong>Jungebat‚</strong></span> <span class='ocrx_word' id='word_1_70' title='bbox 1137 659 1271 700; x_wconf 84' lang='lat' dir='ltr'><strong>obseffi</strong></span> <span class='ocrx_word' id='word_1_71' title='bbox 1293 657 1536 699; x_wconf 80' lang='lat' dir='ltr'><strong>revulserant.</strong></span> 
     </span>
     <span class='ocr_line' id='line_1_10' title="bbox 234 721 1537 776; baseline -0.002 -11"><span class='ocrx_word' id='word_1_72' title='bbox 234 725 373 767; x_wconf 81' lang='lat' dir='ltr'><strong>Murus</strong></span> <span class='ocrx_word' id='word_1_73' title='bbox 404 725 519 764; x_wconf 86' lang='lat' dir='ltr'><strong>etiam</strong></span> <span class='ocrx_word' id='word_1_74' title='bbox 551 723 809 772; x_wconf 84' lang='lat' dir='ltr'><strong>firmiffimus,</strong></span> <span class='ocrx_word' id='word_1_75' title='bbox 846 723 1044 775; x_wconf 77' lang='lat' dir='ltr'><strong>turresque</strong></span> <span class='ocrx_word' id='word_1_76' title='bbox 1077 721 1243 776; x_wconf 82' lang='lat' dir='ltr'><strong>praealtae</strong></span> <span class='ocrx_word' id='word_1_77' title='bbox 1270 731 1423 763; x_wconf 80' lang='lat' dir='ltr'><strong>tantum</strong></span> <span class='ocrx_word' id='word_1_78' title='bbox 1456 735 1537 762; x_wconf 89' lang='lat' dir='ltr'><strong>non</strong></span> 
     </span>
     <span class='ocr_line' id='line_1_11' title="bbox 239 787 958 828; baseline -0.001 -1"><span class='ocrx_word' id='word_1_79' title='bbox 239 787 540 828; x_wconf 77' lang='lat' dir='ltr'><strong>inaccessibilem</strong></span> <span class='ocrx_word' id='word_1_80' title='bbox 569 787 789 827; x_wconf 86' lang='lat' dir='ltr'><strong>efficiebant</strong></span> <span class='ocrx_word' id='word_1_81' title='bbox 814 787 958 826; x_wconf 89' lang='lat' dir='ltr'><strong>locum.</strong></span> 
     </span>
    </p>

    <p class='ocr_par' dir='ltr' id='par_1_3' title="bbox 236 846 1546 1457">
     <span class='ocr_line' id='line_1_12' title="bbox 293 846 1541 901; baseline -0.002 -13"><span class='ocrx_word' id='word_1_82' title='bbox 293 848 439 888; x_wconf 84' lang='lat' dir='ltr'><strong>LXIII.</strong></span> <span class='ocrx_word' id='word_1_83' title='bbox 467 848 545 889; x_wconf 86' lang='lat' dir='ltr'><strong>Sed</strong></span> <span class='ocrx_word' id='word_1_84' title='bbox 568 847 778 899; x_wconf 87' lang='lat' dir='ltr'><strong>Pompejus</strong></span> <span class='ocrx_word' id='word_1_85' title='bbox 801 848 1016 889; x_wconf 84' lang='lat' dir='ltr'>abundanti</span> <span class='ocrx_word' id='word_1_86' title='bbox 1044 846 1297 888; x_wconf 86' lang='lat' dir='ltr'><strong>multitudine</strong></span> <span class='ocrx_word' id='word_1_87' title='bbox 1315 846 1334 901; x_wconf 92' lang='lat'><strong>(</strong></span> <span class='ocrx_word' id='word_1_88' title='bbox 1348 859 1439 886; x_wconf 85' lang='lat' dir='ltr'><strong>nam</strong></span> <span class='ocrx_word' id='word_1_89' title='bbox 1458 848 1495 886; x_wconf 87' lang='lat'>&amp;</span> <span class='ocrx_word' id='word_1_90' title='bbox 1517 859 1541 886; x_wconf 75' lang='lat' dir='ltr'><strong>a</strong></span> 
     </span>
     <span class='ocr_line' id='line_1_13' title="bbox 237 909 1542 961; baseline -0.002 -12"><span class='ocrx_word' id='word_1_91' title='bbox 237 909 432 959; x_wconf 82' lang='lat' dir='ltr'>Damasco</span> <span class='ocrx_word' id='word_1_92' title='bbox 456 918 662 960; x_wconf 83' lang='lat' dir='ltr'><strong>ceteraque</strong></span> <span class='ocrx_word' id='word_1_93' title='bbox 685 909 791 961; x_wconf 84' lang='lat' dir='ltr'><strong>Syria</strong></span> <span class='ocrx_word' id='word_1_94' title='bbox 823 911 955 960; x_wconf 89' lang='lat' dir='ltr'><strong>copias</strong></span> <span class='ocrx_word' id='word_1_95' title='bbox 979 909 1180 953; x_wconf 83' lang='lat' dir='ltr'><strong>auxiliares</strong></span> <span class='ocrx_word' id='word_1_96' title='bbox 1209 910 1454 958; x_wconf 84' lang='lat' dir='ltr'><strong>adduxerat)</strong></span> <span class='ocrx_word' id='word_1_97' title='bbox 1479 923 1542 947; x_wconf 83' lang='lat' dir='ltr'><strong>vo-</strong></span> 
     </span>
     <span class='ocr_line' id='line_1_14' title="bbox 236 971 1538 1027; baseline -0.001 -15"><span class='ocrx_word' id='word_1_98' title='bbox 236 973 394 1025; x_wconf 78' lang='lat' dir='ltr'><strong>raginem</strong></span> <span class='ocrx_word' id='word_1_99' title='bbox 415 984 633 1026; x_wconf 77' lang='lat' dir='ltr'><strong>comportata</strong></span> <span class='ocrx_word' id='word_1_100' title='bbox 655 973 807 1025; x_wconf 83' lang='lat' dir='ltr'><strong>undique</strong></span> <span class='ocrx_word' id='word_1_101' title='bbox 829 973 976 1022; x_wconf 66' lang='lat' dir='ltr'><strong>materia</strong></span> <span class='ocrx_word' id='word_1_102' title='bbox 997 972 1102 1021; x_wconf 82' lang='lat' dir='ltr'><strong>juffit</strong></span> <span class='ocrx_word' id='word_1_103' title='bbox 1120 973 1264 1027; x_wconf 75' lang='lat' dir='ltr'><strong>expleri.</strong></span> <span class='ocrx_word' id='word_1_104' title='bbox 1300 973 1401 1012; x_wconf 89' lang='lat' dir='ltr'><strong>Cum</strong></span> <span class='ocrx_word' id='word_1_105' title='bbox 1425 971 1538 1012; x_wconf 89' lang='lat' dir='ltr'><strong>multi</strong></span> 
     </span>
     <span class='ocr_line' id='line_1_15' title="bbox 236 1025 1542 1085; baseline 0.001 -13"><span class='ocrx_word' id='word_1_106' title='bbox 236 1035 340 1081; x_wconf 71' lang='lat' dir='ltr'><strong>inter</strong></span> <span class='ocrx_word' id='word_1_107' title='bbox 372 1034 456 1074; x_wconf 87' lang='lat' dir='ltr'><strong>haec</strong></span> <span class='ocrx_word' id='word_1_108' title='bbox 479 1034 704 1083; x_wconf 80' lang='lat' dir='ltr'><strong>Judaeorum</strong></span> <span class='ocrx_word' id='word_1_109' title='bbox 726 1033 814 1073; x_wconf 84' lang='lat' dir='ltr'><strong>telis</strong></span> <span class='ocrx_word' id='word_1_110' title='bbox 841 1025 1155 1082; x_wconf 75' lang='lat' dir='ltr'><strong>vulnerarentur,</strong></span> <span class='ocrx_word' id='word_1_111' title='bbox 1183 1033 1330 1073; x_wconf 80' lang='lat' dir='ltr'><strong>tardius</strong></span> <span class='ocrx_word' id='word_1_112' title='bbox 1356 1034 1542 1085; x_wconf 87' lang='lat' dir='ltr'><strong>procede-</strong></span> 
     </span>
     <span class='ocr_line' id='line_1_16' title="bbox 239 1094 1544 1147; baseline -0.002 -11"><span class='ocrx_word' id='word_1_113' title='bbox 239 1096 310 1142; x_wconf 85' lang='lat' dir='ltr'><strong>bat</strong></span> <span class='ocrx_word' id='word_1_114' title='bbox 336 1109 460 1147; x_wconf 87' lang='lat' dir='ltr'><strong>opus,</strong></span> <span class='ocrx_word' id='word_1_115' title='bbox 483 1097 547 1135; x_wconf 70' lang='lat' dir='ltr'><strong>vit&lt;</strong></span> <span class='ocrx_word' id='word_1_116' title='bbox 573 1097 623 1135; x_wconf 86' lang='lat' dir='ltr'><strong>ad</strong></span> <span class='ocrx_word' id='word_1_117' title='bbox 645 1104 824 1147; x_wconf 80' lang='lat' dir='ltr'><strong>optatum</strong></span> <span class='ocrx_word' id='word_1_118' title='bbox 846 1095 966 1134; x_wconf 85' lang='lat' dir='ltr'><strong>finem</strong></span> <span class='ocrx_word' id='word_1_119' title='bbox 996 1095 1316 1145; x_wconf 90' lang='lat' dir='ltr'><strong>perducendum,</strong></span> <span class='ocrx_word' id='word_1_120' title='bbox 1338 1095 1405 1134; x_wconf 76' lang='lat' dir='ltr'><strong>nisi</strong></span> <span class='ocrx_word' id='word_1_121' title='bbox 1429 1094 1544 1145; x_wconf 84' lang='lat' dir='ltr'><strong>septi-</strong></span> 
     </span>
     <span class='ocr_line' id='line_1_17' title="bbox 238 1157 1544 1208; baseline -0.002 -10"><span class='ocrx_word' id='word_1_122' title='bbox 238 1171 305 1198; x_wconf 88' lang='lat' dir='ltr'><strong>ma</strong></span> <span class='ocrx_word' id='word_1_123' title='bbox 340 1160 403 1198; x_wconf 89' lang='lat' dir='ltr'><strong>die</strong></span> <span class='ocrx_word' id='word_1_124' title='bbox 441 1158 622 1199; x_wconf 68' lang='lat' dir='ltr'><strong>cessantes</strong></span> <span class='ocrx_word' id='word_1_125' title='bbox 649 1172 670 1197; x_wconf 89' lang='lat' dir='ltr'><strong>a</strong></span> <span class='ocrx_word' id='word_1_126' title='bbox 697 1157 905 1207; x_wconf 87' lang='lat' dir='ltr'><strong>jaculando</strong></span> <span class='ocrx_word' id='word_1_127' title='bbox 933 1157 1097 1206; x_wconf 80' lang='lat' dir='ltr'><strong>obsessi,</strong></span> <span class='ocrx_word' id='word_1_128' title='bbox 1121 1158 1281 1208; x_wconf 81' lang='lat' dir='ltr'><strong>impune</strong></span> <span class='ocrx_word' id='word_1_129' title='bbox 1315 1157 1512 1196; x_wconf 89' lang='lat' dir='ltr'><strong>Romanos</strong></span> <span class='ocrx_word' id='word_1_130' title='bbox 1530 1185 1544 1204; x_wconf 90' lang='lat'>‚</span> 
     </span>
     <span class='ocr_line' id='line_1_18' title="bbox 244 1219 1544 1271; baseline -0.001 -12"><span class='ocrx_word' id='word_1_131' title='bbox 244 1220 350 1269; x_wconf 84' lang='lat' dir='ltr'><strong>quod</strong></span> <span class='ocrx_word' id='word_1_132' title='bbox 376 1219 597 1271; x_wconf 77' lang='lat' dir='ltr'><strong>placuisset,</strong></span> <span class='ocrx_word' id='word_1_133' title='bbox 624 1220 753 1260; x_wconf 84' lang='lat' dir='ltr'><strong>moliri</strong></span> <span class='ocrx_word' id='word_1_134' title='bbox 788 1229 1020 1270; x_wconf 76' lang='lat' dir='ltr'><strong>paterentur,</strong></span> <span class='ocrx_word' id='word_1_135' title='bbox 1057 1219 1404 1269; x_wconf 74' lang='lat' dir='ltr'><strong>Quemadmodum</strong></span> <span class='ocrx_word' id='word_1_136' title='bbox 1438 1220 1544 1258; x_wconf 87' lang='lat' dir='ltr'><strong>enim</strong></span> 
     </span>
     <span class='ocr_line' id='line_1_19' title="bbox 241 1280 1545 1332; baseline -0.001 -11"><span class='ocrx_word' id='word_1_137' title='bbox 241 1294 287 1327; x_wconf 74' lang='lat' dir='ltr'><strong>ca</strong></span> <span class='ocrx_word' id='word_1_138' title='bbox 314 1295 406 1332; x_wconf 87' lang='lat' dir='ltr'><strong>gens</strong></span> <span class='ocrx_word' id='word_1_139' title='bbox 434 1283 487 1321; x_wconf 82' lang='lat' dir='ltr'><strong>ita</strong></span> <span class='ocrx_word' id='word_1_140' title='bbox 514 1295 603 1321; x_wconf 87' lang='lat' dir='ltr'><strong>cum</strong></span> <span class='ocrx_word' id='word_1_141' title='bbox 632 1282 715 1321; x_wconf 88' lang='lat' dir='ltr'><strong>Deo</strong></span> <span class='ocrx_word' id='word_1_142' title='bbox 743 1281 808 1321; x_wconf 86' lang='lat' dir='ltr'><strong>suo</strong></span> <span class='ocrx_word' id='word_1_143' title='bbox 841 1280 949 1321; x_wconf 86' lang='lat' dir='ltr'><strong>velut</strong></span> <span class='ocrx_word' id='word_1_144' title='bbox 975 1282 1148 1324; x_wconf 89' lang='lat' dir='ltr'><strong>dividere</strong></span> <span class='ocrx_word' id='word_1_145' title='bbox 1173 1292 1300 1332; x_wconf 82' lang='lat' dir='ltr'><strong>partes</strong></span> <span class='ocrx_word' id='word_1_146' title='bbox 1326 1280 1545 1331; x_wconf 86' lang='lat' dir='ltr'><strong>imperandi</strong></span> 
     </span>
     <span class='ocr_line' id='line_1_20' title="bbox 240 1343 1546 1394; baseline 0 -13"><span class='ocrx_word' id='word_1_147' title='bbox 240 1344 482 1394; x_wconf 86' lang='lat' dir='ltr'><strong>parendique</strong></span> <span class='ocrx_word' id='word_1_148' title='bbox 510 1343 737 1390; x_wconf 85' lang='lat' dir='ltr'><strong>consuevit,</strong></span> <span class='ocrx_word' id='word_1_149' title='bbox 772 1352 816 1384; x_wconf 88' lang='lat' dir='ltr'><strong>ut</strong></span> <span class='ocrx_word' id='word_1_150' title='bbox 843 1343 1036 1383; x_wconf 87' lang='lat' dir='ltr'><strong>mandatis</strong></span> <span class='ocrx_word' id='word_1_151' title='bbox 1059 1346 1143 1394; x_wconf 91' lang='lat' dir='ltr'><strong>ejus</strong></span> <span class='ocrx_word' id='word_1_152' title='bbox 1174 1344 1224 1383; x_wconf 90' lang='lat' dir='ltr'><strong>ad</strong></span> <span class='ocrx_word' id='word_1_153' title='bbox 1253 1344 1326 1383; x_wconf 85' lang='lat' dir='ltr'><strong>fuae</strong></span> <span class='ocrx_word' id='word_1_154' title='bbox 1356 1344 1546 1394; x_wconf 87' lang='lat' dir='ltr'><strong>interpre-</strong></span> 
     </span>
     <span class='ocr_line' id='line_1_21' title="bbox 241 1399 1545 1457; baseline 0.002 -14"><span class='ocrx_word' id='word_1_155' title='bbox 241 1404 399 1444; x_wconf 83' lang='lat' dir='ltr'><strong>tationis</strong></span> <span class='ocrx_word' id='word_1_156' title='bbox 425 1406 587 1445; x_wconf 88' lang='lat' dir='ltr'><strong>modum</strong></span> <span class='ocrx_word' id='word_1_157' title='bbox 619 1399 924 1457; x_wconf 18' lang='lat' dir='ltr'><strong>obtemperenut3</strong></span> <span class='ocrx_word' id='word_1_158' title='bbox 950 1415 1035 1446; x_wconf 88' lang='lat' dir='ltr'><strong>tum</strong></span> <span class='ocrx_word' id='word_1_159' title='bbox 1061 1405 1308 1447; x_wconf 88' lang='lat' dir='ltr'><strong>solummodo</strong></span> <span class='ocrx_word' id='word_1_160' title='bbox 1324 1438 1336 1455; x_wconf 93' lang='lat'><strong>‚</strong></span> <span class='ocrx_word' id='word_1_161' title='bbox 1363 1419 1451 1446; x_wconf 89' lang='lat' dir='ltr'><strong>cum</strong></span> <span class='ocrx_word' id='word_1_162' title='bbox 1478 1419 1545 1456; x_wconf 89' lang='lat' dir='ltr'><strong>pe-</strong></span> 
     </span>
    </p>
   </div>
   <div class='ocr_carea' id='block_1_3' title="bbox 243 1467 1547 1580">
    <p class='ocr_par' dir='ltr' id='par_1_4' title="bbox 243 1467 1547 1580">
     <span class='ocr_line' id='line_1_22' title="bbox 244 1467 1547 1519; baseline -0.001 -11"><span class='ocrx_word' id='word_1_163' title='bbox 244 1475 392 1508; x_wconf 81' lang='lat' dir='ltr'><strong>teretur</strong></span> <span class='ocrx_word' id='word_1_164' title='bbox 427 1479 593 1518; x_wconf 86' lang='lat' dir='ltr'><strong>corpus,</strong></span> <span class='ocrx_word' id='word_1_165' title='bbox 619 1481 834 1519; x_wconf 85' lang='lat' dir='ltr'><strong>repugnare</strong></span> <span class='ocrx_word' id='word_1_166' title='bbox 867 1467 1017 1508; x_wconf 86' lang='lat' dir='ltr'><strong>licitum</strong></span> <span class='ocrx_word' id='word_1_167' title='bbox 1044 1468 1260 1519; x_wconf 88' lang='lat' dir='ltr'><strong>putabant,</strong></span> <span class='ocrx_word' id='word_1_168' title='bbox 1293 1469 1365 1509; x_wconf 76' lang='lat' dir='ltr'><strong>alia</strong></span> <span class='ocrx_word' id='word_1_169' title='bbox 1396 1467 1547 1511; x_wconf 72' lang='lat' dir='ltr'><strong>hostilia</strong></span> 
     </span>
     <span class='ocr_line' id='line_1_23' title="bbox 243 1528 1106 1580; baseline 0.003 -14"><span class='ocrx_word' id='word_1_170' title='bbox 243 1528 450 1580; x_wconf 80' lang='lat' dir='ltr'><strong>agentibus</strong></span> <span class='ocrx_word' id='word_1_171' title='bbox 482 1542 550 1579; x_wconf 90' lang='lat' dir='ltr'><strong>per</strong></span> <span class='ocrx_word' id='word_1_172' title='bbox 568 1528 810 1569; x_wconf 86' lang='lat' dir='ltr'><strong>Sabbathum</strong></span> <span class='ocrx_word' id='word_1_173' title='bbox 837 1529 961 1568; x_wconf 87' lang='lat' dir='ltr'><strong>obniti</strong></span> <span class='ocrx_word' id='word_1_174' title='bbox 985 1529 1106 1569; x_wconf 87' lang='lat' dir='ltr'><strong>nefas.</strong></span> 
     </span>
    </p>
   </div>
   <div class='ocr_carea' id='block_1_4' title="bbox 241 1589 1550 2260">
    <p class='ocr_par' dir='ltr' id='par_1_5' title="bbox 241 1589 1550 2200">
     <span class='ocr_line' id='line_1_24' title="bbox 299 1589 1546 1642; baseline 0.001 -12"><span class='ocrx_word' id='word_1_175' title='bbox 299 1589 434 1631; x_wconf 81' lang='lat' dir='ltr'><strong>LXIV.</strong></span> <span class='ocrx_word' id='word_1_176' title='bbox 467 1589 586 1641; x_wconf 73' lang='lat' dir='ltr'><strong>Igitur</strong></span> <span class='ocrx_word' id='word_1_177' title='bbox 611 1603 679 1641; x_wconf 90' lang='lat' dir='ltr'><strong>per</strong></span> <span class='ocrx_word' id='word_1_178' title='bbox 700 1602 766 1628; x_wconf 80' lang='lat' dir='ltr'><strong>eos</strong></span> <span class='ocrx_word' id='word_1_179' title='bbox 798 1590 879 1629; x_wconf 89' lang='lat' dir='ltr'><strong>die-s</strong></span> <span class='ocrx_word' id='word_1_180' title='bbox 906 1590 1075 1631; x_wconf 76' lang='lat' dir='ltr'><strong>Romani</strong></span> <span class='ocrx_word' id='word_1_181' title='bbox 1101 1603 1226 1642; x_wconf 86' lang='lat' dir='ltr'><strong>neque</strong></span> <span class='ocrx_word' id='word_1_182' title='bbox 1252 1590 1436 1642; x_wconf 87' lang='lat' dir='ltr'><strong>petebant</strong></span> <span class='ocrx_word' id='word_1_183' title='bbox 1465 1589 1546 1631; x_wconf 87' lang='lat' dir='ltr'><strong>ho-</strong></span> 
     </span>
     <span class='ocr_line' id='line_1_25' title="bbox 241 1650 1546 1703; baseline 0.002 -13"><span class='ocrx_word' id='word_1_184' title='bbox 241 1650 368 1698; x_wconf 77' lang='lat' dir='ltr'><strong>stem,</strong></span> <span class='ocrx_word' id='word_1_185' title='bbox 399 1663 526 1701; x_wconf 90' lang='lat' dir='ltr'><strong>neque</strong></span> <span class='ocrx_word' id='word_1_186' title='bbox 556 1650 807 1700; x_wconf 87' lang='lat' dir='ltr'><strong>petebantur:</strong></span> <span class='ocrx_word' id='word_1_187' title='bbox 837 1653 1112 1692; x_wconf 82' lang='lat' dir='ltr'><strong>tantummodo</strong></span> <span class='ocrx_word' id='word_1_188' title='bbox 1145 1652 1249 1692; x_wconf 83' lang='lat' dir='ltr'><strong>foffis</strong></span> <span class='ocrx_word' id='word_1_189' title='bbox 1275 1652 1546 1703; x_wconf 84' lang='lat' dir='ltr'><strong>complendis,</strong></span> 
     </span>
     <span class='ocr_line' id='line_1_26' title="bbox 244 1712 1548 1763; baseline 0.001 -10"><span class='ocrx_word' id='word_1_190' title='bbox 244 1713 507 1763; x_wconf 77' lang='lat' dir='ltr'><strong>struendoque</strong></span> <span class='ocrx_word' id='word_1_191' title='bbox 539 1712 669 1763; x_wconf 85' lang='lat' dir='ltr'><strong>aggeri</strong></span> <span class='ocrx_word' id='word_1_192' title='bbox 696 1713 846 1752; x_wconf 89' lang='lat' dir='ltr'><strong>strenue</strong></span> <span class='ocrx_word' id='word_1_193' title='bbox 881 1713 1145 1753; x_wconf 81' lang='lat' dir='ltr'><strong>admovebant</strong></span> <span class='ocrx_word' id='word_1_194' title='bbox 1167 1726 1316 1754; x_wconf 87' lang='lat' dir='ltr'><strong>manus.</strong></span> <span class='ocrx_word' id='word_1_195' title='bbox 1345 1715 1548 1754; x_wconf 77' lang='lat' dir='ltr'><strong>Machinae</strong></span> 
     </span>
     <span class='ocr_line' id='line_1_27' title="bbox 245 1775 1547 1829; baseline 0.002 -15"><span class='ocrx_word' id='word_1_196' title='bbox 245 1775 390 1815; x_wconf 87' lang='lat' dir='ltr'><strong>deinde</strong></span> <span class='ocrx_word' id='word_1_197' title='bbox 417 1775 523 1827; x_wconf 86' lang='lat' dir='ltr'><strong>Tyro</strong></span> <span class='ocrx_word' id='word_1_198' title='bbox 557 1776 749 1823; x_wconf 64' lang='lat' dir='ltr'><strong>advectae,</strong></span> <span class='ocrx_word' id='word_1_199' title='bbox 768 1788 878 1814; x_wconf 81' lang='lat' dir='ltr'><strong>-cum</strong></span> <span class='ocrx_word' id='word_1_200' title='bbox 903 1778 1091 1817; x_wconf 84' lang='lat' dir='ltr'><strong>continuo</strong></span> <span class='ocrx_word' id='word_1_201' title='bbox 1118 1778 1296 1817; x_wconf 81' lang='lat' dir='ltr'><strong>saxorum</strong></span> <span class='ocrx_word' id='word_1_202' title='bbox 1321 1780 1424 1827; x_wconf 72' lang='lat' dir='ltr'><strong>jac&#39;tu</strong></span> <span class='ocrx_word' id='word_1_203' title='bbox 1452 1792 1547 1829; x_wconf 87' lang='lat' dir='ltr'><strong>pro-</strong></span> 
     </span>
     <span class='ocr_line' id='line_1_28' title="bbox 243 1837 1550 1890; baseline 0.001 -13"><span class='ocrx_word' id='word_1_204' title='bbox 243 1838 525 1890; x_wconf 82' lang='lat' dir='ltr'><strong>pugnatoribus</strong></span> <span class='ocrx_word' id='word_1_205' title='bbox 547 1837 692 1877; x_wconf 86' lang='lat' dir='ltr'><strong>moenia</strong></span> <span class='ocrx_word' id='word_1_206' title='bbox 708 1838 936 1887; x_wconf 71' lang='lat' dir='ltr'><strong>nudassent,</strong></span> <span class='ocrx_word' id='word_1_207' title='bbox 957 1839 1119 1890; x_wconf 84' lang='lat' dir='ltr'><strong>spatium</strong></span> <span class='ocrx_word' id='word_1_208' title='bbox 1133 1840 1319 1879; x_wconf 87' lang='lat' dir='ltr'><strong>Romanis</strong></span> <span class='ocrx_word' id='word_1_209' title='bbox 1343 1852 1457 1878; x_wconf 82' lang='lat' dir='ltr'><strong>unam</strong></span> <span class='ocrx_word' id='word_1_210' title='bbox 1471 1839 1550 1878; x_wconf 79' lang='lat' dir='ltr'><strong>suf-</strong></span> 
     </span>
     <span class='ocr_line' id='line_1_29' title="bbox 245 1896 1544 1950; baseline -0.001 -10"><span class='ocrx_word' id='word_1_211' title='bbox 245 1896 427 1941; x_wconf 69' lang='lat' dir='ltr'><strong>fodiendi</strong></span> <span class='ocrx_word' id='word_1_212' title='bbox 454 1902 590 1939; x_wconf 87' lang='lat' dir='ltr'><strong>turrim</strong></span> <span class='ocrx_word' id='word_1_213' title='bbox 622 1899 883 1950; x_wconf 69' lang='lat' dir='ltr'><strong>praebuerunt.</strong></span> <span class='ocrx_word' id='word_1_214' title='bbox 912 1900 980 1940; x_wconf 89' lang='lat' dir='ltr'><strong>Per</strong></span> <span class='ocrx_word' id='word_1_215' title='bbox 1009 1901 1125 1950; x_wconf 85' lang='lat' dir='ltr'><strong>hujus</strong></span> <span class='ocrx_word' id='word_1_216' title='bbox 1149 1901 1276 1940; x_wconf 86' lang='lat' dir='ltr'><strong>ruinas</strong></span> <span class='ocrx_word' id='word_1_217' title='bbox 1305 1902 1417 1939; x_wconf 78' lang='lat' dir='ltr'><strong>tertio</strong></span> <span class='ocrx_word' id='word_1_218' title='bbox 1443 1900 1544 1940; x_wconf 82' lang='lat' dir='ltr'><strong>obfi-</strong></span> 
     </span>
     <span class='ocr_line' id='line_1_30' title="bbox 249 1962 1543 2014; baseline 0 -12"><span class='ocrx_word' id='word_1_219' title='bbox 249 1964 378 2002; x_wconf 87' lang='lat' dir='ltr'><strong>dionis</strong></span> <span class='ocrx_word' id='word_1_220' title='bbox 405 1963 533 2003; x_wconf 83' lang='lat' dir='ltr'><strong>mense</strong></span> <span class='ocrx_word' id='word_1_221' title='bbox 564 1971 723 2013; x_wconf 78' lang='lat' dir='ltr'><strong>captum</strong></span> <span class='ocrx_word' id='word_1_222' title='bbox 745 1963 798 2003; x_wconf 89' lang='lat' dir='ltr'><strong>est</strong></span> <span class='ocrx_word' id='word_1_223' title='bbox 821 1964 1015 2014; x_wconf 86' lang='lat' dir='ltr'><strong>templum</strong></span> <span class='ocrx_word' id='word_1_224' title='bbox 1037 1962 1118 2014; x_wconf 80' lang='lat' dir='ltr'><strong>ipso</strong></span> <span class='ocrx_word' id='word_1_225' title='bbox 1152 1964 1215 2002; x_wconf 88' lang='lat' dir='ltr'><strong>die</strong></span> <span class='ocrx_word' id='word_1_226' title='bbox 1239 1964 1405 2012; x_wconf 82' lang='lat' dir='ltr'><strong>jejunii,</strong></span> <span class='ocrx_word' id='word_1_227' title='bbox 1437 1963 1543 2013; x_wconf 81' lang='lat' dir='ltr'><strong>quod</strong></span> 
     </span>
     <span class='ocr_line' id='line_1_31' title="bbox 252 2024 1546 2075; baseline 0 -11"><span class='ocrx_word' id='word_1_228' title='bbox 252 2034 340 2064; x_wconf 74' lang='lat' dir='ltr'><strong>vtum</strong></span> <span class='ocrx_word' id='word_1_229' title='bbox 366 2026 508 2068; x_wconf 69' lang='lat' dir='ltr'><strong>inciditv</strong></span> <span class='ocrx_word' id='word_1_230' title='bbox 531 2028 571 2065; x_wconf 90' lang='lat' dir='ltr'><strong>in</strong></span> <span class='ocrx_word' id='word_1_231' title='bbox 598 2026 848 2075; x_wconf 58' lang='lat' dir='ltr'><strong>Quinctilem.</strong></span> <span class='ocrx_word' id='word_1_232' title='bbox 876 2025 1032 2066; x_wconf 84' lang='lat' dir='ltr'><strong>Faustus</strong></span> <span class='ocrx_word' id='word_1_233' title='bbox 1056 2024 1182 2073; x_wconf 87' lang='lat' dir='ltr'><strong>Sulla,</strong></span> <span class='ocrx_word' id='word_1_234' title='bbox 1203 2025 1399 2064; x_wconf 56' lang='lat' dir='ltr'><strong>dictatoris</strong></span> <span class='ocrx_word' id='word_1_235' title='bbox 1418 2025 1517 2065; x_wconf 81' lang='lat' dir='ltr'><strong>filius</strong></span> <span class='ocrx_word' id='word_1_236' title='bbox 1533 2055 1546 2073; x_wconf 82' lang='lat'><strong>,</strong></span> 
     </span>
     <span class='ocr_line' id='line_1_32' title="bbox 247 2086 1543 2139; baseline -0.001 -13"><span class='ocrx_word' id='word_1_237' title='bbox 247 2089 396 2139; x_wconf 82' lang='lat' dir='ltr'><strong>primus</strong></span> <span class='ocrx_word' id='word_1_238' title='bbox 418 2089 594 2127; x_wconf 83' lang='lat' dir='ltr'><strong>ascendit</strong></span> <span class='ocrx_word' id='word_1_239' title='bbox 619 2100 799 2129; x_wconf 85' lang='lat' dir='ltr'><strong>murum:</strong></span> <span class='ocrx_word' id='word_1_240' title='bbox 831 2087 1025 2137; x_wconf 87' lang='lat' dir='ltr'><strong>secutique</strong></span> <span class='ocrx_word' id='word_1_241' title='bbox 1045 2086 1170 2126; x_wconf 85' lang='lat' dir='ltr'><strong>statim</strong></span> <span class='ocrx_word' id='word_1_242' title='bbox 1190 2086 1325 2127; x_wconf 80' lang='lat' dir='ltr'><strong>Furius</strong></span> <span class='ocrx_word' id='word_1_243' title='bbox 1345 2089 1380 2127; x_wconf 62' lang='grc' dir='ltr'><strong>ἃ</strong></span> <span class='ocrx_word' id='word_1_244' title='bbox 1401 2087 1543 2127; x_wconf 72' lang='lat' dir='ltr'><strong>Fabius</strong></span> 
     </span>
     <span class='ocr_line' id='line_1_33' title="bbox 250 2149 1048 2200; baseline -0.003 -10"><span class='ocrx_word' id='word_1_245' title='bbox 250 2150 496 2190; x_wconf 66' lang='lat' dir='ltr'><strong>centuriones</strong></span> <span class='ocrx_word' id='word_1_246' title='bbox 520 2162 609 2189; x_wconf 89' lang='lat' dir='ltr'><strong>cum</strong></span> <span class='ocrx_word' id='word_1_247' title='bbox 631 2149 706 2189; x_wconf 86' lang='lat' dir='ltr'><strong>suis</strong></span> <span class='ocrx_word' id='word_1_248' title='bbox 728 2149 1048 2200; x_wconf 83' lang='lat' dir='ltr'><strong>manipularibus.</strong></span> 
     </span>
    </p>

    <p class='ocr_par' dir='ltr' id='par_1_6' title="bbox 301 2210 1544 2260">
     <span class='ocr_line' id='line_1_34' title="bbox 301 2210 1544 2260; baseline -0.002 -8"><span class='ocrx_word' id='word_1_249' title='bbox 301 2210 423 2252; x_wconf 89' lang='lat' dir='ltr'>LXV.</span> <span class='ocrx_word' id='word_1_250' title='bbox 456 2210 605 2252; x_wconf 84' lang='lat' dir='ltr'><strong>Interea</strong></span> <span class='ocrx_word' id='word_1_251' title='bbox 639 2212 893 2253; x_wconf 88' lang='lat' dir='ltr'><strong>nihilominus</strong></span> <span class='ocrx_word' id='word_1_252' title='bbox 918 2213 1132 2253; x_wconf 84' lang='lat' dir='ltr'><strong>sacerdotes</strong></span> <span class='ocrx_word' id='word_1_253' title='bbox 1159 2212 1292 2252; x_wconf 78' lang='lat' dir='ltr'><strong>munia</strong></span> <span class='ocrx_word' id='word_1_254' title='bbox 1321 2211 1411 2260; x_wconf 86' lang='lat' dir='ltr'><strong>sua,</strong></span> <span class='ocrx_word' id='word_1_255' title='bbox 1453 2218 1544 2249; x_wconf 85' lang='lat' dir='ltr'><strong>tan-</strong></span> 
     </span>
    </p>
   </div>
   <div class='ocr_carea' id='block_1_5' title="bbox 296 2330 1537 2375">
    <p class='ocr_par' dir='ltr' id='par_1_7' title="bbox 296 2330 1537 2375">
     <span class='ocr_line' id='line_1_35' title="bbox 296 2330 1537 2375; baseline 0.002 -13"><span class='ocrx_word' id='word_1_256' title='bbox 296 2331 319 2372; x_wconf 76' lang='lat'><em>§</em></span> <span class='ocrx_word' id='word_1_257' title='bbox 350 2330 456 2364; x_wconf 78' lang='lat' dir='ltr'><strong>LXII.</strong></span> <span class='ocrx_word' id='word_1_258' title='bbox 485 2332 574 2366; x_wconf 81' lang='lat' dir='ltr'><strong>Plut.</strong></span> <span class='ocrx_word' id='word_1_259' title='bbox 605 2331 708 2366; x_wconf 84' lang='lat' dir='ltr'><strong>Oros.</strong></span> <span class='ocrx_word' id='word_1_260' title='bbox 737 2344 774 2374; x_wconf 84' lang='lat'><strong>5,</strong></span> <span class='ocrx_word' id='word_1_261' title='bbox 799 2333 832 2366; x_wconf 86' lang='lat'><strong>6.</strong></span> <span class='ocrx_word' id='word_1_262' title='bbox 853 2334 962 2366; x_wconf 78' lang='lat' dir='ltr'><strong>Strab.</strong></span> <span class='ocrx_word' id='word_1_263' title='bbox 988 2335 1098 2369; x_wconf 77' lang='lat' dir='ltr'><strong>l..¹0.</strong></span> <span class='ocrx_word' id='word_1_264' title='bbox 1140 2334 1162 2375; x_wconf 63' lang='grc' dir='ltr'><strong>ς</strong></span> <span class='ocrx_word' id='word_1_265' title='bbox 1186 2333 1305 2365; x_wconf 74' lang='lat' dir='ltr'>LXIII.</span> <span class='ocrx_word' id='word_1_266' title='bbox 1333 2334 1442 2365; x_wconf 71' lang='lat' dir='ltr'><strong>strab.</strong></span> <span class='ocrx_word' id='word_1_267' title='bbox 1475 2330 1537 2365; x_wconf 70' lang='lat' dir='ltr'><strong>Jo-.</strong></span> 
     </span>
    </p>
   </div>
   <div class='ocr_carea' id='block_1_6' title="bbox 246 2375 1544 2479">
    <p class='ocr_par' dir='ltr' id='par_1_8' title="bbox 246 2375 1544 2479">
     <span class='ocr_line' id='line_1_36' title="bbox 247 2375 1544 2425; baseline 0.001 -16"><span class='ocrx_word' id='word_1_268' title='bbox 247 2375 343 2416; x_wconf 73' lang='lat' dir='ltr'><strong>seph.</strong></span> <span class='ocrx_word' id='word_1_269' title='bbox 365 2378 471 2420; x_wconf 85' lang='lat' dir='ltr'><strong>antiq.</strong></span> <span class='ocrx_word' id='word_1_270' title='bbox 499 2389 559 2418; x_wconf 80' lang='lat'><strong>14,</strong></span> <span class='ocrx_word' id='word_1_271' title='bbox 582 2389 614 2415; x_wconf 77' lang='grc'><strong>4.</strong></span> <span class='ocrx_word' id='word_1_272' title='bbox 651 2378 684 2410; x_wconf 64' lang='grc' dir='ltr'><strong>ὃς</strong></span> <span class='ocrx_word' id='word_1_273' title='bbox 710 2379 749 2409; x_wconf 79' lang='lat' dir='ltr'><strong>de</strong></span> <span class='ocrx_word' id='word_1_274' title='bbox 771 2380 849 2413; x_wconf 84' lang='lat' dir='ltr'><strong>bell.</strong></span> <span class='ocrx_word' id='word_1_275' title='bbox 869 2378 947 2414; x_wconf 77' lang='lat' dir='ltr'><strong>Jua.</strong></span> <span class='ocrx_word' id='word_1_276' title='bbox 968 2378 1112 2413; x_wconf 85' lang='lat' dir='ltr'><strong>Diodor.</strong></span> <span class='ocrx_word' id='word_1_277' title='bbox 1142 2381 1165 2412; x_wconf 86' lang='lat' dir='ltr'><strong>l.</strong></span> <span class='ocrx_word' id='word_1_278' title='bbox 1189 2389 1242 2422; x_wconf 83' lang='lat'><strong>37.</strong></span> <span class='ocrx_word' id='word_1_279' title='bbox 1277 2379 1301 2425; x_wconf 55' lang='grc' dir='ltr'>ᾖ</span> <span class='ocrx_word' id='word_1_280' title='bbox 1334 2378 1452 2411; x_wconf 77' lang='lat' dir='ltr'><strong>Lxlv.</strong></span> <span class='ocrx_word' id='word_1_281' title='bbox 1479 2375 1544 2410; x_wconf 59' lang='lat' dir='ltr'><strong>la«</strong></span> 
     </span>
     <span class='ocr_line' id='line_1_37' title="bbox 246 2420 784 2479; baseline 0 -22"><span class='ocrx_word' id='word_1_282' title='bbox 246 2420 342 2467; x_wconf 64' lang='lat' dir='ltr'><strong>seph.</strong></span> <span class='ocrx_word' id='word_1_283' title='bbox 363 2423 403 2456; x_wconf 85' lang='lat' dir='ltr'><strong>de</strong></span> <span class='ocrx_word' id='word_1_284' title='bbox 426 2424 504 2456; x_wconf 74' lang='lat' dir='ltr'><strong>bel!-</strong></span> <span class='ocrx_word' id='word_1_285' title='bbox 536 2422 612 2479; x_wconf 56' lang='lat' dir='ltr'><strong>Jud:</strong></span> <span class='ocrx_word' id='word_1_286' title='bbox 634 2424 784 2472; x_wconf 61' lang='lat' dir='ltr'><strong>APthv.</strong></span> 
     </span>
    </p>
   </div>
  </div>
 </body>
</html>
