<?xml version="1.0" encoding="UTF-8"?>
<!DOCTYPE html PUBLIC "-//W3C//DTD XHTML 1.0 Transitional//EN"
    "http://www.w3.org/TR/xhtml1/DTD/xhtml1-transitional.dtd">
<html xmlns="http://www.w3.org/1999/xhtml" xml:lang="en" lang="en">
 <head>
  <title>
</title>
<meta http-equiv="Content-Type" content="text/html;charset=utf-8" />
  <meta name='ocr-system' content='tesseract 3.04.00' />
  <meta name='ocr-capabilities' content='ocr_page ocr_carea ocr_par ocr_line ocrx_word'/>
</head>
<body>
  <div class='ocr_page' id='page_1' title='image "./historiarumlibri10livyuoft_0096.png"; bbox 0 0 1675 2959; ppageno 0'>
   <div class='ocr_carea' id='block_1_1' title="bbox 197 355 1525 2259">
    <p class='ocr_par' dir='ltr' id='par_1_1' title="bbox 197 355 1510 1158">
     <span class='ocr_line' id='line_1_1' title="bbox 261 355 1495 409; baseline -0.014 1"><span class='ocrx_word' id='word_1_1' title='bbox 261 368 386 409; x_wconf 88' lang='lat' dir='ltr'><strong>XCII.</strong></span> <span class='ocrx_word' id='word_1_2' title='bbox 417 365 493 407; x_wconf 91' lang='lat' dir='ltr'><strong>Sed</strong></span> <span class='ocrx_word' id='word_1_3' title='bbox 521 372 734 403; x_wconf 81' lang='lat' dir='ltr'><strong>ceterorum</strong></span> <span class='ocrx_word' id='word_1_4' title='bbox 764 359 1052 398; x_wconf 65' lang='lat' dir='ltr'><strong>cunetationem</strong></span> <span class='ocrx_word' id='word_1_5' title='bbox 1085 357 1279 408; x_wconf 81' lang='lat' dir='ltr'>Cethegus</span> <span class='ocrx_word' id='word_1_6' title='bbox 1307 355 1405 406; x_wconf 85' lang='lat' dir='ltr'><strong>saepe</strong></span> <span class='ocrx_word' id='word_1_7' title='bbox 1437 355 1495 393; x_wconf 87' lang='lat' dir='ltr'><strong>in-</strong></span> 
     </span>
     <span class='ocr_line' id='line_1_2' title="bbox 205 411 1496 483; baseline -0.013 -10"><span class='ocrx_word' id='word_1_8' title='bbox 205 432 414 483; x_wconf 77' lang='lat' dir='ltr'>crepabat,</span> <span class='ocrx_word' id='word_1_9' title='bbox 447 424 673 479; x_wconf 81' lang='lat' dir='ltr'><strong>praefervido</strong></span> <span class='ocrx_word' id='word_1_10' title='bbox 700 424 856 474; x_wconf 85' lang='lat' dir='ltr'><strong>ingenio</strong></span> <span class='ocrx_word' id='word_1_11' title='bbox 872 453 884 470; x_wconf 85' lang='lat'><strong>,</strong></span> <span class='ocrx_word' id='word_1_12' title='bbox 916 420 1166 472; x_wconf 88' lang='lat' dir='ltr'><strong>promtusque</strong></span> <span class='ocrx_word' id='word_1_13' title='bbox 1202 433 1320 459; x_wconf 85' lang='lat' dir='ltr'><strong>manu</strong></span> <span class='ocrx_word' id='word_1_14' title='bbox 1337 449 1348 467; x_wconf 93' lang='lat'>‚</span> <span class='ocrx_word' id='word_1_15' title='bbox 1382 419 1419 458; x_wconf 85' lang='lat'>&amp;</span> <span class='ocrx_word' id='word_1_16' title='bbox 1445 411 1496 456; x_wconf 83' lang='lat' dir='ltr'><strong>ad</strong></span> 
     </span>
     <span class='ocr_line' id='line_1_3' title="bbox 203 479 1496 545; baseline -0.012 -12"><span class='ocrx_word' id='word_1_17' title='bbox 203 491 405 545; x_wconf 77' lang='lat' dir='ltr'><strong>&#39;quodlibet</strong></span> <span class='ocrx_word' id='word_1_18' title='bbox 439 489 588 528; x_wconf 81' lang='lat' dir='ltr'><strong>facinus</strong></span> <span class='ocrx_word' id='word_1_19' title='bbox 613 484 804 536; x_wconf 80' lang='lat' dir='ltr'><strong>praesentis</strong></span> <span class='ocrx_word' id='word_1_20' title='bbox 826 483 1016 523; x_wconf 86' lang='lat' dir='ltr'><strong>audaciae.</strong></span> <span class='ocrx_word' id='word_1_21' title='bbox 1046 494 1138 520; x_wconf 86' lang='lat' dir='ltr'><strong>nam</strong></span> <span class='ocrx_word' id='word_1_22' title='bbox 1162 479 1345 520; x_wconf 83' lang='lat' dir='ltr'>Lentulus</span> <span class='ocrx_word' id='word_1_23' title='bbox 1370 481 1405 519; x_wconf 62' lang='grc' dir='ltr'><strong>ὃς</strong></span> <span class='ocrx_word' id='word_1_24' title='bbox 1433 490 1496 517; x_wconf 88' lang='lat' dir='ltr'><strong>ce-</strong></span> 
     </span>
     <span class='ocr_line' id='line_1_4' title="bbox 202 543 1494 599; baseline -0.013 -3"><span class='ocrx_word' id='word_1_25' title='bbox 202 556 276 596; x_wconf 90' lang='lat' dir='ltr'><strong>teri</strong></span> <span class='ocrx_word' id='word_1_26' title='bbox 298 568 376 594; x_wconf 85' lang='lat' dir='ltr'><strong>rem</strong></span> <span class='ocrx_word' id='word_1_27' title='bbox 399 554 437 592; x_wconf 88' lang='lat' dir='ltr'><strong>in</strong></span> <span class='ocrx_word' id='word_1_28' title='bbox 454 549 668 593; x_wconf 79' lang='lat' dir='ltr'>Saturnalia</span> <span class='ocrx_word' id='word_1_29' title='bbox 688 547 945 599; x_wconf 85' lang='lat' dir='ltr'><strong>proferebant.</strong></span> <span class='ocrx_word' id='word_1_30' title='bbox 967 546 1054 594; x_wconf 85' lang='lat' dir='ltr'><strong>Jam</strong></span> <span class='ocrx_word' id='word_1_31' title='bbox 1077 543 1301 593; x_wconf 81' lang='lat' dir='ltr'>Allobroges</span> <span class='ocrx_word' id='word_1_32' title='bbox 1320 554 1366 580; x_wconf 79' lang='lat' dir='ltr'><strong>ex</strong></span> <span class='ocrx_word' id='word_1_33' title='bbox 1388 554 1494 580; x_wconf 88' lang='lat' dir='ltr'><strong>man-</strong></span> 
     </span>
     <span class='ocr_line' id='line_1_5' title="bbox 207 601 1499 658; baseline -0.015 0"><span class='ocrx_word' id='word_1_34' title='bbox 207 618 303 658; x_wconf 85' lang='lat' dir='ltr'><strong>dato</strong></span> <span class='ocrx_word' id='word_1_35' title='bbox 335 614 532 656; x_wconf 82' lang='lat' dir='ltr'>Ciceronis</span> <span class='ocrx_word' id='word_1_36' title='bbox 563 624 653 651; x_wconf 89' lang='lat' dir='ltr'><strong>curn</strong></span> <span class='ocrx_word' id='word_1_37' title='bbox 688 610 900 658; x_wconf 86' lang='lat' dir='ltr'><strong>conjuratis</strong></span> <span class='ocrx_word' id='word_1_38' title='bbox 935 616 1102 658; x_wconf 77' lang='lat' dir='ltr'><strong>egerant.</strong></span> <span class='ocrx_word' id='word_1_39' title='bbox 1137 605 1186 644; x_wconf 84' lang='lat' dir='ltr'><strong>ab</strong></span> <span class='ocrx_word' id='word_1_40' title='bbox 1223 604 1266 643; x_wconf 91' lang='lat' dir='ltr'><strong>iis</strong></span> <span class='ocrx_word' id='word_1_41' title='bbox 1289 603 1338 642; x_wconf 89' lang='lat' dir='ltr'><strong>ad</strong></span> <span class='ocrx_word' id='word_1_42' title='bbox 1367 601 1499 642; x_wconf 80' lang='lat' dir='ltr'><strong>Catili-</strong></span> 
     </span>
     <span class='ocr_line' id='line_1_6' title="bbox 207 667 1501 725; baseline -0.012 -7"><span class='ocrx_word' id='word_1_43' title='bbox 207 690 302 719; x_wconf 83' lang='lat' dir='ltr'><strong>nam</strong></span> <span class='ocrx_word' id='word_1_44' title='bbox 329 690 420 717; x_wconf 88' lang='lat' dir='ltr'><strong>cum</strong></span> <span class='ocrx_word' id='word_1_45' title='bbox 446 676 537 716; x_wconf 91' lang='lat' dir='ltr'><strong>Tito</strong></span> <span class='ocrx_word' id='word_1_46' title='bbox 573 673 742 725; x_wconf 89' lang='lat' dir='ltr'><strong>quodam</strong></span> <span class='ocrx_word' id='word_1_47' title='bbox 771 672 971 711; x_wconf 85' lang='lat' dir='ltr'>Volturcio</span> <span class='ocrx_word' id='word_1_48' title='bbox 999 667 1251 710; x_wconf 85' lang='lat' dir='ltr'><strong>Crotoniense</strong></span> <span class='ocrx_word' id='word_1_49' title='bbox 1279 668 1501 706; x_wconf 82' lang='lat' dir='ltr'><strong>mittuntur.</strong></span> 
     </span>
     <span class='ocr_line' id='line_1_7' title="bbox 204 725 1501 786; baseline -0.013 -6"><span class='ocrx_word' id='word_1_50' title='bbox 204 740 343 781; x_wconf 84' lang='lat' dir='ltr'><strong>Eidem</strong></span> <span class='ocrx_word' id='word_1_51' title='bbox 369 737 494 775; x_wconf 80' lang='lat' dir='ltr'><strong>literas</strong></span> <span class='ocrx_word' id='word_1_52' title='bbox 511 736 577 774; x_wconf 88' lang='lat' dir='ltr'><strong>dat</strong></span> <span class='ocrx_word' id='word_1_53' title='bbox 594 734 843 786; x_wconf 86' lang='lat' dir='ltr'><strong>perferendas</strong></span> <span class='ocrx_word' id='word_1_54' title='bbox 859 729 1045 773; x_wconf 86' lang='lat' dir='ltr'><strong>Lentulus</strong></span> <span class='ocrx_word' id='word_1_55' title='bbox 1060 761 1071 778; x_wconf 83' lang='lat'><strong>,</strong></span> <span class='ocrx_word' id='word_1_56' title='bbox 1088 729 1164 769; x_wconf 87' lang='lat' dir='ltr'><strong>hoc</strong></span> <span class='ocrx_word' id='word_1_57' title='bbox 1189 726 1367 778; x_wconf 83' lang='lat' dir='ltr'><strong>exemplo</strong></span> <span class='ocrx_word' id='word_1_58' title='bbox 1383 739 1391 765; x_wconf 94' lang='lat'>:</span> <span class='ocrx_word' id='word_1_59' title='bbox 1424 725 1501 778; x_wconf 82' lang='lat' dir='ltr'><strong>Qui</strong></span> 
     </span>
     <span class='ocr_line' id='line_1_8' title="bbox 197 787 1503 854; baseline -0.008 -16"><span class='ocrx_word' id='word_1_60' title='bbox 197 803 266 854; x_wconf 82' lang='lat' dir='ltr'><strong>fim</strong></span> <span class='ocrx_word' id='word_1_61' title='bbox 279 830 290 847; x_wconf 93' lang='lat'><strong>,</strong></span> <span class='ocrx_word' id='word_1_62' title='bbox 313 814 358 837; x_wconf 90' lang='lat' dir='ltr'><strong>ex</strong></span> <span class='ocrx_word' id='word_1_63' title='bbox 374 813 435 845; x_wconf 90' lang='lat' dir='ltr'><strong>e0,</strong></span> <span class='ocrx_word' id='word_1_64' title='bbox 452 812 548 850; x_wconf 85' lang='lat' dir='ltr'><strong>quem</strong></span> <span class='ocrx_word' id='word_1_65' title='bbox 568 799 618 836; x_wconf 81' lang='lat' dir='ltr'><strong>ad</strong></span> <span class='ocrx_word' id='word_1_66' title='bbox 639 809 670 836; x_wconf 82' lang='lat' dir='ltr'><strong>te</strong></span> <span class='ocrx_word' id='word_1_67' title='bbox 696 797 772 847; x_wconf 85' lang='lat' dir='ltr'><strong>mifi</strong></span> <span class='ocrx_word' id='word_1_68' title='bbox 782 826 793 844; x_wconf 92' lang='lat'><strong>,</strong></span> <span class='ocrx_word' id='word_1_69' title='bbox 814 793 1007 847; x_wconf 73' lang='lat' dir='ltr'><strong>cognofies.</strong></span> <span class='ocrx_word' id='word_1_70' title='bbox 1030 803 1112 830; x_wconf 78' lang='lat' dir='ltr'><strong>cura</strong></span> <span class='ocrx_word' id='word_1_71' title='bbox 1126 821 1137 839; x_wconf 84' lang='lat'><em>‚</em></span> <span class='ocrx_word' id='word_1_72' title='bbox 1161 804 1198 829; x_wconf 86' lang='lat' dir='ltr'><strong>ut</strong></span> <span class='ocrx_word' id='word_1_73' title='bbox 1220 792 1277 830; x_wconf 78' lang='lat' dir='ltr'><strong>vir</strong></span> <span class='ocrx_word' id='word_1_74' title='bbox 1288 791 1342 841; x_wconf 87' lang='lat' dir='ltr'><strong>fis</strong></span> <span class='ocrx_word' id='word_1_75' title='bbox 1353 805 1369 837; x_wconf 83' lang='lat'><strong>,·</strong></span> <span class='ocrx_word' id='word_1_76' title='bbox 1392 787 1427 826; x_wconf 65' lang='grc' dir='ltr'><strong>ἃ*</strong></span> <span class='ocrx_word' id='word_1_77' title='bbox 1444 802 1503 827; x_wconf 60' lang='lat' dir='ltr'><strong>co⁸²</strong></span> 
     </span>
     <span class='ocr_line' id='line_1_9' title="bbox 204 851 1503 916; baseline -0.01 -16"><span class='ocrx_word' id='word_1_78' title='bbox 204 864 307 916; x_wconf 71' lang='lat' dir='ltr'><strong>gila,</strong></span> <span class='ocrx_word' id='word_1_79' title='bbox 334 874 428 913; x_wconf 85' lang='lat' dir='ltr'><strong>quem</strong></span> <span class='ocrx_word' id='word_1_80' title='bbox 455 860 495 897; x_wconf 79' lang='lat' dir='ltr'><strong>in</strong></span> <span class='ocrx_word' id='word_1_81' title='bbox 521 859 632 899; x_wconf 80' lang='lat' dir='ltr'><strong>locum</strong></span> <span class='ocrx_word' id='word_1_82' title='bbox 648 860 703 910; x_wconf 89' lang='lat' dir='ltr'><strong>fis</strong></span> <span class='ocrx_word' id='word_1_83' title='bbox 722 856 945 911; x_wconf 67' lang='lat' dir='ltr'><strong>progreffit53</strong></span> <span class='ocrx_word' id='word_1_84' title='bbox 973 854 1126 901; x_wconf 72' lang='lat' dir='ltr'><strong>&amp;vide,</strong></span> <span class='ocrx_word' id='word_1_85' title='bbox 1144 853 1231 906; x_wconf 85' lang='lat' dir='ltr'><strong>quid</strong></span> <span class='ocrx_word' id='word_1_86' title='bbox 1255 851 1335 905; x_wconf 86' lang='lat' dir='ltr'><strong>jam</strong></span> <span class='ocrx_word' id='word_1_87' title='bbox 1369 852 1440 890; x_wconf 73' lang='lat' dir='ltr'><strong>tibi,</strong></span> <span class='ocrx_word' id='word_1_88' title='bbox 1452 851 1503 902; x_wconf 78' lang='lat' dir='ltr'><strong>sit</strong></span> 
     </span>
     <span class='ocr_line' id='line_1_10' title="bbox 209 913 1503 980; baseline -0.009 -18"><span class='ocrx_word' id='word_1_89' title='bbox 209 922 348 974; x_wconf 78' lang='lat' dir='ltr'><strong>neceffe.</strong></span> <span class='ocrx_word' id='word_1_90' title='bbox 372 935 473 968; x_wconf 77' lang='lat' dir='ltr'><strong>cura,</strong></span> <span class='ocrx_word' id='word_1_91' title='bbox 500 920 653 980; x_wconf 55' lang='lat' dir='ltr'><strong>onmium</strong></span> <span class='ocrx_word' id='word_1_92' title='bbox 677 919 742 957; x_wconf 80' lang='lat' dir='ltr'><strong>tibi</strong></span> <span class='ocrx_word' id='word_1_93' title='bbox 771 916 916 956; x_wconf 76' lang='lat' dir='ltr'><strong>auxilia</strong></span> <span class='ocrx_word' id='word_1_94' title='bbox 941 914 1144 967; x_wconf 76' lang='lat' dir='ltr'><strong>adjungas,</strong></span> <span class='ocrx_word' id='word_1_95' title='bbox 1165 914 1270 952; x_wconf 76' lang='lat' dir='ltr'><strong>etiam</strong></span> <span class='ocrx_word' id='word_1_96' title='bbox 1294 913 1331 950; x_wconf 82' lang='lat' dir='ltr'><strong>in</strong></span> <span class='ocrx_word' id='word_1_97' title='bbox 1363 925 1503 950; x_wconf 82' lang='lat' dir='ltr'><strong>morum.</strong></span> 
     </span>
     <span class='ocr_line' id='line_1_11' title="bbox 210 973 1507 1029; baseline -0.011 -6"><span class='ocrx_word' id='word_1_98' title='bbox 210 984 271 1025; x_wconf 85' lang='lat' dir='ltr'><strong>Ad</strong></span> <span class='ocrx_word' id='word_1_99' title='bbox 296 983 372 1022; x_wconf 85' lang='lat' dir='ltr'><strong>hoc</strong></span> <span class='ocrx_word' id='word_1_100' title='bbox 393 982 575 1021; x_wconf 83' lang='lat' dir='ltr'><strong>mandata</strong></span> <span class='ocrx_word' id='word_1_101' title='bbox 603 979 730 1021; x_wconf 84' lang='lat' dir='ltr'><strong>verbis</strong></span> <span class='ocrx_word' id='word_1_102' title='bbox 765 979 856 1025; x_wconf 81' lang='lat' dir='ltr'><strong>dat,</strong></span> <span class='ocrx_word' id='word_1_103' title='bbox 886 992 927 1015; x_wconf 86' lang='lat' dir='ltr'><strong>ne</strong></span> <span class='ocrx_word' id='word_1_104' title='bbox 957 977 1052 1029; x_wconf 75' lang='lat' dir='ltr'><strong>qaod</strong></span> <span class='ocrx_word' id='word_1_105' title='bbox 1073 989 1186 1028; x_wconf 80' lang='lat' dir='ltr'><strong>genus</strong></span> <span class='ocrx_word' id='word_1_106' title='bbox 1221 974 1437 1013; x_wconf 80' lang='lat' dir='ltr'><strong>auxiliorum</strong></span> <span class='ocrx_word' id='word_1_107' title='bbox 1468 973 1507 1010; x_wconf 86' lang='lat' dir='ltr'><strong>in</strong></span> 
     </span>
     <span class='ocr_line' id='line_1_12' title="bbox 214 1033 1510 1096; baseline -0.01 -13"><span class='ocrx_word' id='word_1_108' title='bbox 214 1047 284 1085; x_wconf 81' lang='grc' dir='ltr'><em>Ιιαε</em></span> <span class='ocrx_word' id='word_1_109' title='bbox 308 1043 492 1094; x_wconf 86' lang='lat' dir='ltr'><strong>neceffitate</strong></span> <span class='ocrx_word' id='word_1_110' title='bbox 516 1043 688 1096; x_wconf 81' lang='lat' dir='ltr'><strong>spernat:</strong></span> <span class='ocrx_word' id='word_1_111' title='bbox 724 1056 808 1079; x_wconf 82' lang='lat' dir='ltr'><strong>neve</strong></span> <span class='ocrx_word' id='word_1_112' title='bbox 841 1040 1038 1085; x_wconf 59' lang='grc' dir='ltr'><strong>ειιηὲἶεῑιιν,7</strong></span> <span class='ocrx_word' id='word_1_113' title='bbox 1064 1036 1208 1091; x_wconf 77' lang='lat' dir='ltr'><strong>paratis</strong></span> <span class='ocrx_word' id='word_1_114' title='bbox 1230 1036 1269 1073; x_wconf 88' lang='lat' dir='ltr'><strong>in</strong></span> <span class='ocrx_word' id='word_1_115' title='bbox 1294 1036 1374 1072; x_wconf 85' lang='lat' dir='ltr'><strong>urbe</strong></span> <span class='ocrx_word' id='word_1_116' title='bbox 1399 1033 1510 1072; x_wconf 84' lang='lat' dir='ltr'><strong>omni·</strong></span> 
     </span>
     <span class='ocr_line' id='line_1_13' title="bbox 212 1105 675 1158; baseline -0.017 -11"><span class='ocrx_word' id='word_1_117' title='bbox 212 1109 301 1154; x_wconf 82' lang='lat' dir='ltr'><strong>bus,</strong></span> <span class='ocrx_word' id='word_1_118' title='bbox 326 1106 475 1158; x_wconf 80' lang='lat' dir='ltr'><strong>propius</strong></span> <span class='ocrx_word' id='word_1_119' title='bbox 501 1105 675 1142; x_wconf 81' lang='lat' dir='ltr'><strong>accedere.</strong></span> 
     </span>
    </p>

    <p class='ocr_par' dir='ltr' id='par_1_2' title="bbox 216 1155 1522 2097">
     <span class='ocr_line' id='line_1_14' title="bbox 269 1155 1510 1210; baseline -0.01 -2"><span class='ocrx_word' id='word_1_120' title='bbox 269 1167 415 1209; x_wconf 89' lang='lat' dir='ltr'><strong>XCIII.</strong></span> <span class='ocrx_word' id='word_1_121' title='bbox 449 1166 520 1206; x_wconf 89' lang='lat' dir='ltr'><strong>His</strong></span> <span class='ocrx_word' id='word_1_122' title='bbox 549 1166 602 1204; x_wconf 84' lang='lat' dir='ltr'><strong>ita</strong></span> <span class='ocrx_word' id='word_1_123' title='bbox 625 1162 868 1210; x_wconf 82' lang='lat' dir='ltr'><strong>constitutis,</strong></span> <span class='ocrx_word' id='word_1_124' title='bbox 893 1173 982 1200; x_wconf 87' lang='lat' dir='ltr'><strong>cum</strong></span> <span class='ocrx_word' id='word_1_125' title='bbox 1004 1161 1122 1199; x_wconf 67' lang='lat' dir='ltr'><strong>nostu</strong></span> <span class='ocrx_word' id='word_1_126' title='bbox 1144 1171 1211 1210; x_wconf 83' lang='lat' dir='ltr'><strong>per</strong></span> <span class='ocrx_word' id='word_1_127' title='bbox 1236 1165 1395 1209; x_wconf 84' lang='lat' dir='ltr'><strong>pontem</strong></span> <span class='ocrx_word' id='word_1_128' title='bbox 1418 1155 1510 1197; x_wconf 76' lang='lat' dir='ltr'><strong>Mil-</strong></span> 
     </span>
     <span class='ocr_line' id='line_1_15' title="bbox 216 1219 1510 1278; baseline -0.009 -9"><span class='ocrx_word' id='word_1_129' title='bbox 216 1230 325 1270; x_wconf 86' lang='lat' dir='ltr'><strong>vium</strong></span> <span class='ocrx_word' id='word_1_130' title='bbox 347 1226 698 1278; x_wconf 81' lang='lat' dir='ltr'><strong>proficiscerentur,</strong></span> <span class='ocrx_word' id='word_1_131' title='bbox 723 1224 874 1274; x_wconf 80' lang='lat' dir='ltr'><strong>excepti</strong></span> <span class='ocrx_word' id='word_1_132' title='bbox 894 1222 981 1262; x_wconf 88' lang='lat' dir='ltr'><strong>sunt</strong></span> <span class='ocrx_word' id='word_1_133' title='bbox 998 1222 1163 1270; x_wconf 63' lang='lat' dir='ltr'><strong>infidus,</strong></span> <span class='ocrx_word' id='word_1_134' title='bbox 1179 1234 1271 1272; x_wconf 89' lang='lat' dir='ltr'><strong>quas</strong></span> <span class='ocrx_word' id='word_1_135' title='bbox 1295 1221 1348 1260; x_wconf 89' lang='lat' dir='ltr'><strong>ibi</strong></span> <span class='ocrx_word' id='word_1_136' title='bbox 1374 1219 1510 1259; x_wconf 87' lang='lat' dir='ltr'><strong>consu-</strong></span> 
     </span>
     <span class='ocr_line' id='line_1_16' title="bbox 217 1279 1511 1338; baseline -0.008 -9"><span class='ocrx_word' id='word_1_137' title='bbox 217 1289 265 1330; x_wconf 82' lang='lat' dir='ltr'><strong>lis</strong></span> <span class='ocrx_word' id='word_1_138' title='bbox 292 1288 390 1338; x_wconf 73' lang='lat' dir='ltr'><strong>jussu</strong></span> <span class='ocrx_word' id='word_1_139' title='bbox 419 1288 460 1328; x_wconf 91' lang='lat' dir='ltr'><strong>C.</strong></span> <span class='ocrx_word' id='word_1_140' title='bbox 488 1287 688 1327; x_wconf 88' lang='lat' dir='ltr'><strong>Pontinius</strong></span> <span class='ocrx_word' id='word_1_141' title='bbox 706 1315 718 1333; x_wconf 84' lang='lat'><strong>,</strong></span> <span class='ocrx_word' id='word_1_142' title='bbox 752 1284 792 1324; x_wconf 94' lang='lat' dir='ltr'><strong>L.</strong></span> <span class='ocrx_word' id='word_1_143' title='bbox 820 1283 993 1324; x_wconf 80' lang='lat' dir='ltr'><strong>Valerius</strong></span> <span class='ocrx_word' id='word_1_144' title='bbox 1026 1283 1186 1323; x_wconf 86' lang='lat' dir='ltr'>Flaccus</span> <span class='ocrx_word' id='word_1_145' title='bbox 1213 1290 1393 1333; x_wconf 86' lang='lat' dir='ltr'><strong>praetores</strong></span> <span class='ocrx_word' id='word_1_146' title='bbox 1431 1279 1511 1320; x_wconf 89' lang='lat' dir='ltr'>col-</span> 
     </span>
     <span class='ocr_line' id='line_1_17' title="bbox 217 1344 1513 1397; baseline -0.006 -8"><span class='ocrx_word' id='word_1_147' title='bbox 217 1351 451 1389; x_wconf 81' lang='lat' dir='ltr'><strong>locaverant.</strong></span> <span class='ocrx_word' id='word_1_148' title='bbox 487 1348 546 1388; x_wconf 80' lang='lat' dir='ltr'><strong>Ita</strong></span> <span class='ocrx_word' id='word_1_149' title='bbox 569 1346 627 1386; x_wconf 88' lang='lat' dir='ltr'><strong>his</strong></span> <span class='ocrx_word' id='word_1_150' title='bbox 649 1345 957 1397; x_wconf 82' lang='lat' dir='ltr'><strong>comprehenfis,</strong></span> <span class='ocrx_word' id='word_1_151' title='bbox 983 1344 1116 1385; x_wconf 89' lang='lat' dir='ltr'><strong>consul</strong></span> <span class='ocrx_word' id='word_1_152' title='bbox 1141 1344 1290 1383; x_wconf 85' lang='lat' dir='ltr'><strong>summo</strong></span> <span class='ocrx_word' id='word_1_153' title='bbox 1314 1355 1429 1383; x_wconf 84' lang='lat' dir='ltr'><strong>mane</strong></span> <span class='ocrx_word' id='word_1_154' title='bbox 1450 1358 1513 1381; x_wconf 80' lang='grc' dir='ltr'><strong>νο-</strong></span> 
     </span>
     <span class='ocr_line' id='line_1_18' title="bbox 219 1404 1515 1464; baseline -0.008 -14"><span class='ocrx_word' id='word_1_155' title='bbox 219 1412 293 1452; x_wconf 81' lang='lat' dir='ltr'><strong>cari</strong></span> <span class='ocrx_word' id='word_1_156' title='bbox 307 1412 403 1464; x_wconf 85' lang='lat' dir='ltr'><strong>adse</strong></span> <span class='ocrx_word' id='word_1_157' title='bbox 417 1411 537 1464; x_wconf 85' lang='lat' dir='ltr'><strong>statim</strong></span> <span class='ocrx_word' id='word_1_158' title='bbox 553 1409 771 1456; x_wconf 73' lang='lat' dir='ltr'><strong>Gabinium,</strong></span> <span class='ocrx_word' id='word_1_159' title='bbox 791 1404 975 1446; x_wconf 77' lang='lat' dir='ltr'><strong>Lentu&#39;lum</strong></span> <span class='ocrx_word' id='word_1_160' title='bbox 989 1437 1000 1455; x_wconf 95' lang='lat'><strong>,</strong></span> <span class='ocrx_word' id='word_1_161' title='bbox 1022 1407 1227 1459; x_wconf 76' lang='lat' dir='ltr'><strong>Cethegum,</strong></span> <span class='ocrx_word' id='word_1_162' title='bbox 1247 1405 1432 1444; x_wconf 72' lang='lat' dir='ltr'><strong>Statilium</strong></span> <span class='ocrx_word' id='word_1_163' title='bbox 1455 1406 1515 1454; x_wconf 79' lang='lat' dir='ltr'><strong>J‘u-</strong></span> 
     </span>
     <span class='ocr_line' id='line_1_19' title="bbox 221 1465 1515 1525; baseline -0.005 -13"><span class='ocrx_word' id='word_1_164' title='bbox 221 1474 312 1521; x_wconf 80' lang='lat' dir='ltr'><strong>bet3</strong></span> <span class='ocrx_word' id='word_1_165' title='bbox 345 1474 490 1524; x_wconf 80' lang='lat' dir='ltr'><strong>itemque</strong></span> <span class='ocrx_word' id='word_1_166' title='bbox 535 1471 726 1525; x_wconf 72' lang='lat' dir='ltr'><strong>Caeparium</strong></span> <span class='ocrx_word' id='word_1_167' title='bbox 756 1469 1054 1522; x_wconf 75' lang='lat' dir='ltr'><strong>Terracinensem,</strong></span> <span class='ocrx_word' id='word_1_168' title='bbox 1082 1467 1146 1518; x_wconf 90' lang='lat' dir='ltr'><strong>qui</strong></span> <span class='ocrx_word' id='word_1_169' title='bbox 1181 1467 1221 1505; x_wconf 86' lang='lat' dir='ltr'><strong>in</strong></span> <span class='ocrx_word' id='word_1_170' title='bbox 1255 1465 1431 1517; x_wconf 82' lang='lat' dir='ltr'>Apuliam</span> <span class='ocrx_word' id='word_1_171' title='bbox 1465 1466 1515 1506; x_wconf 85' lang='lat' dir='ltr'><strong>ad</strong></span> 
     </span>
     <span class='ocr_line' id='line_1_20' title="bbox 219 1528 1517 1583; baseline -0.005 -8"><span class='ocrx_word' id='word_1_172' title='bbox 219 1534 484 1577; x_wconf 85' lang='lat' dir='ltr'><strong>sollicitandos</strong></span> <span class='ocrx_word' id='word_1_173' title='bbox 501 1533 664 1583; x_wconf 86' lang='lat' dir='ltr'><strong>pastores</strong></span> <span class='ocrx_word' id='word_1_174' title='bbox 685 1529 1007 1582; x_wconf 85' lang='lat' dir='ltr'><strong>proficiscebatur.</strong></span> <span class='ocrx_word' id='word_1_175' title='bbox 1037 1528 1186 1578; x_wconf 85' lang='lat' dir='ltr'>Reliqui</span> <span class='ocrx_word' id='word_1_176' title='bbox 1204 1538 1400 1568; x_wconf 84' lang='lat' dir='ltr'><strong>venerunt.</strong></span> <span class='ocrx_word' id='word_1_177' title='bbox 1437 1528 1517 1568; x_wconf 75' lang='lat' dir='ltr'><strong>Cae—</strong></span> 
     </span>
     <span class='ocr_line' id='line_1_21' title="bbox 221 1589 1515 1650; baseline -0.007 -12"><span class='ocrx_word' id='word_1_178' title='bbox 221 1599 350 1650; x_wconf 83' lang='lat' dir='ltr'><strong>parius</strong></span> <span class='ocrx_word' id='word_1_179' title='bbox 365 1595 535 1646; x_wconf 89' lang='lat' dir='ltr'><strong>,indicio</strong></span> <span class='ocrx_word' id='word_1_180' title='bbox 557 1594 735 1645; x_wconf 84' lang='lat' dir='ltr'><strong>cognito,</strong></span> <span class='ocrx_word' id='word_1_181' title='bbox 751 1605 798 1632; x_wconf 86' lang='lat' dir='ltr'><strong>ex</strong></span> <span class='ocrx_word' id='word_1_182' title='bbox 823 1591 917 1632; x_wconf 87' lang='lat' dir='ltr'><strong>urbe</strong></span> <span class='ocrx_word' id='word_1_183' title='bbox 932 1591 1114 1643; x_wconf 84' lang='lat' dir='ltr'><strong>profugit.</strong></span> <span class='ocrx_word' id='word_1_184' title='bbox 1136 1589 1302 1637; x_wconf 78' lang='lat' dir='ltr'><strong>Consul,</strong></span> <span class='ocrx_word' id='word_1_185' title='bbox 1320 1590 1451 1630; x_wconf 87' lang='lat' dir='ltr'><strong>senatu</strong></span> <span class='ocrx_word' id='word_1_186' title='bbox 1473 1592 1515 1629; x_wconf 90' lang='lat' dir='ltr'><strong>in</strong></span> 
     </span>
     <span class='ocr_line' id='line_1_22' title="bbox 225 1653 1517 1708; baseline -0.009 -7"><span class='ocrx_word' id='word_1_187' title='bbox 225 1661 350 1702; x_wconf 85' lang='lat' dir='ltr'><strong>aedem</strong></span> <span class='ocrx_word' id='word_1_188' title='bbox 382 1657 608 1699; x_wconf 73' lang='lat' dir='ltr'><strong>Concordiae</strong></span> <span class='ocrx_word' id='word_1_189' title='bbox 632 1664 794 1704; x_wconf 86' lang='lat' dir='ltr'><strong>vocato,</strong></span> <span class='ocrx_word' id='word_1_190' title='bbox 827 1654 1028 1708; x_wconf 69' lang='lat' dir='ltr'><strong>conjuratos</strong></span> <span class='ocrx_word' id='word_1_191' title='bbox 1063 1667 1137 1691; x_wconf 87' lang='lat' dir='ltr'><strong>cum</strong></span> <span class='ocrx_word' id='word_1_192' title='bbox 1163 1653 1358 1706; x_wconf 84' lang='lat' dir='ltr'><strong>custodibus</strong></span> <span class='ocrx_word' id='word_1_193' title='bbox 1387 1653 1517 1690; x_wconf 78' lang='lat' dir='ltr'><strong>adduci</strong></span> 
     </span>
     <span class='ocr_line' id='line_1_23' title="bbox 228 1714 1516 1775; baseline -0.006 -12"><span class='ocrx_word' id='word_1_194' title='bbox 228 1724 363 1775; x_wconf 77' lang='lat' dir='ltr'><strong>jubet:</strong></span> <span class='ocrx_word' id='word_1_195' title='bbox 395 1719 601 1761; x_wconf 84' lang='lat' dir='ltr'><strong>Lentulum</strong></span> <span class='ocrx_word' id='word_1_196' title='bbox 626 1719 743 1772; x_wconf 84' lang='lat' dir='ltr'><strong>(quia</strong></span> <span class='ocrx_word' id='word_1_197' title='bbox 767 1728 906 1769; x_wconf 78' lang='lat' dir='ltr'><strong>praetor</strong></span> <span class='ocrx_word' id='word_1_198' title='bbox 930 1718 1068 1756; x_wconf 85' lang='lat' dir='ltr'><strong>iterum</strong></span> <span class='ocrx_word' id='word_1_199' title='bbox 1101 1724 1205 1763; x_wconf 84' lang='lat' dir='ltr'><strong>erat,</strong></span> <span class='ocrx_word' id='word_1_200' title='bbox 1235 1715 1319 1767; x_wconf 88' lang='lat' dir='ltr'><strong>post</strong></span> <span class='ocrx_word' id='word_1_201' title='bbox 1340 1714 1516 1755; x_wconf 80' lang='lat' dir='ltr'><strong>consuia-</strong></span> 
     </span>
     <span class='ocr_line' id='line_1_24' title="bbox 227 1777 1520 1830; baseline -0.005 -6"><span class='ocrx_word' id='word_1_202' title='bbox 227 1796 311 1827; x_wconf 87' lang='lat' dir='ltr'><strong>tum</strong></span> <span class='ocrx_word' id='word_1_203' title='bbox 334 1783 464 1822; x_wconf 86' lang='lat' dir='ltr'><strong>senatu</strong></span> <span class='ocrx_word' id='word_1_204' title='bbox 488 1791 614 1820; x_wconf 87' lang='lat' dir='ltr'><strong>motus</strong></span> <span class='ocrx_word' id='word_1_205' title='bbox 629 1811 641 1830; x_wconf 93' lang='lat'><strong>,</strong></span> <span class='ocrx_word' id='word_1_206' title='bbox 663 1780 804 1819; x_wconf 87' lang='lat' dir='ltr'><strong>deinde</strong></span> <span class='ocrx_word' id='word_1_207' title='bbox 826 1779 959 1818; x_wconf 86' lang='lat' dir='ltr'><strong>ordine</strong></span> <span class='ocrx_word' id='word_1_208' title='bbox 977 1777 1226 1830; x_wconf 86' lang='lat' dir='ltr'><strong>recuperato)</strong></span> <span class='ocrx_word' id='word_1_209' title='bbox 1249 1790 1363 1816; x_wconf 88' lang='lat' dir='ltr'><strong>manu</strong></span> <span class='ocrx_word' id='word_1_210' title='bbox 1383 1785 1520 1817; x_wconf 81' lang='lat' dir='ltr'><strong>tenens</strong></span> 
     </span>
     <span class='ocr_line' id='line_1_25' title="bbox 231 1839 1518 1891; baseline -0.008 -4"><span class='ocrx_word' id='word_1_211' title='bbox 231 1848 372 1887; x_wconf 89' lang='lat' dir='ltr'><strong>eodem</strong></span> <span class='ocrx_word' id='word_1_212' title='bbox 408 1844 591 1884; x_wconf 85' lang='lat' dir='ltr'><strong>ascendit.</strong></span> <span class='ocrx_word' id='word_1_213' title='bbox 631 1843 691 1884; x_wconf 87' lang='lat' dir='ltr'><strong>Ibi</strong></span> <span class='ocrx_word' id='word_1_214' title='bbox 726 1842 773 1882; x_wconf 95' lang='lat' dir='ltr'><strong>D.</strong></span> <span class='ocrx_word' id='word_1_215' title='bbox 806 1841 956 1882; x_wconf 89' lang='lat' dir='ltr'><strong>Silanus</strong></span> <span class='ocrx_word' id='word_1_216' title='bbox 983 1841 1114 1880; x_wconf 90' lang='lat' dir='ltr'><strong>consul</strong></span> <span class='ocrx_word' id='word_1_217' title='bbox 1149 1840 1363 1891; x_wconf 80' lang='lat' dir='ltr'><strong>defignatus</strong></span> <span class='ocrx_word' id='word_1_218' title='bbox 1391 1839 1518 1887; x_wconf 80' lang='lat' dir='ltr'><strong>dixit,</strong></span> 
     </span>
     <span class='ocr_line' id='line_1_26' title="bbox 230 1902 1520 1960; baseline -0.009 -12"><span class='ocrx_word' id='word_1_219' title='bbox 230 1924 277 1948; x_wconf 83' lang='lat' dir='ltr'><strong>ex</strong></span> <span class='ocrx_word' id='word_1_220' title='bbox 299 1909 443 1960; x_wconf 77' lang='lat' dir='ltr'><strong>Cethego</strong></span> <span class='ocrx_word' id='word_1_221' title='bbox 464 1905 654 1944; x_wconf 82' lang='lat' dir='ltr'><strong>nonnullos</strong></span> <span class='ocrx_word' id='word_1_222' title='bbox 675 1903 808 1956; x_wconf 71' lang='lat' dir='ltr'><strong>audtffe</strong></span> <span class='ocrx_word' id='word_1_223' title='bbox 821 1934 832 1952; x_wconf 92' lang='lat'><strong>,</strong></span> <span class='ocrx_word' id='word_1_224' title='bbox 844 1904 924 1955; x_wconf 80' lang='lat' dir='ltr'><strong>fore</strong></span> <span class='ocrx_word' id='word_1_225' title='bbox 941 1932 952 1951; x_wconf 89' lang='lat'>‚</span> <span class='ocrx_word' id='word_1_226' title='bbox 980 1916 1018 1941; x_wconf 81' lang='lat' dir='ltr'><strong>ut</strong></span> <span class='ocrx_word' id='word_1_227' title='bbox 1038 1903 1133 1940; x_wconf 79' lang='lat' dir='ltr'><strong>brevi</strong></span> <span class='ocrx_word' id='word_1_228' title='bbox 1150 1902 1307 1954; x_wconf 78' lang='lat' dir='ltr'><strong>consules</strong></span> <span class='ocrx_word' id='word_1_229' title='bbox 1326 1914 1393 1939; x_wconf 84' lang='lat' dir='ltr'><strong>tres</strong></span> <span class='ocrx_word' id='word_1_230' title='bbox 1406 1931 1417 1948; x_wconf 94' lang='lat'><strong>,</strong></span> <span class='ocrx_word' id='word_1_231' title='bbox 1444 1915 1520 1938; x_wconf 82' lang='lat' dir='ltr'><strong>cum</strong></span> 
     </span>
     <span class='ocr_line' id='line_1_27' title="bbox 223 1962 1522 2025; baseline -0.006 -16"><span class='ocrx_word' id='word_1_232' title='bbox 223 1971 431 2025; x_wconf 76' lang='lat' dir='ltr'><strong>prcetoribus</strong></span> <span class='ocrx_word' id='word_1_233' title='bbox 455 1981 623 2021; x_wconf 75' lang='lat' dir='ltr'><strong>quatuor,</strong></span> <span class='ocrx_word' id='word_1_234' title='bbox 648 1968 864 2006; x_wconf 61' lang='lat' dir='ltr'><strong>occidantur.</strong></span> <span class='ocrx_word' id='word_1_235' title='bbox 905 1965 1051 2005; x_wconf 77' lang='lat' dir='ltr'><strong>Similia</strong></span> <span class='ocrx_word' id='word_1_236' title='bbox 1083 1965 1125 2005; x_wconf 93' lang='lat' dir='ltr'><strong>C.</strong></span> <span class='ocrx_word' id='word_1_237' title='bbox 1153 1964 1234 2005; x_wconf 85' lang='lat' dir='ltr'><strong>Piso</strong></span> <span class='ocrx_word' id='word_1_238' title='bbox 1261 1963 1316 2002; x_wconf 88' lang='lat' dir='ltr'><strong>vir</strong></span> <span class='ocrx_word' id='word_1_239' title='bbox 1347 1962 1522 2008; x_wconf 82' lang='lat' dir='ltr'><strong>consula-</strong></span> 
     </span>
     <span class='ocr_line' id='line_1_28' title="bbox 230 2025 1522 2097; baseline -0.006 -27"><span class='ocrx_word' id='word_1_240' title='bbox 230 2033 282 2070; x_wconf 83' lang='lat' dir='ltr'><strong>ris</strong></span> <span class='ocrx_word' id='word_1_241' title='bbox 319 2030 514 2071; x_wconf 80' lang='lat' dir='ltr'><strong>afferebat.</strong></span> <span class='ocrx_word' id='word_1_242' title='bbox 548 2030 698 2069; x_wconf 84' lang='lat' dir='ltr'><strong>Interea</strong></span> <span class='ocrx_word' id='word_1_243' title='bbox 733 2029 775 2069; x_wconf 90' lang='lat' dir='ltr'><strong>C.</strong></span> <span class='ocrx_word' id='word_1_244' title='bbox 806 2028 1022 2079; x_wconf 88' lang='lat' dir='ltr'><strong>Sulpicius,</strong></span> <span class='ocrx_word' id='word_1_245' title='bbox 1050 2040 1173 2097; x_wconf 25' lang='lat' dir='ltr'><strong>quem&amp;</strong></span> <span class='ocrx_word' id='word_1_246' title='bbox 1194 2025 1327 2065; x_wconf 77' lang='lat' dir='ltr'><strong>consul</strong></span> <span class='ocrx_word' id='word_1_247' title='bbox 1361 2026 1522 2064; x_wconf 87' lang='lat' dir='ltr'><strong>domum</strong></span> 
     </span>
    </p>

    <p class='ocr_par' dir='ltr' id='par_1_3' title="bbox 234 2090 1525 2259">
     <span class='ocr_line' id='line_1_29' title="bbox 234 2090 1525 2144; baseline -0.006 -11"><span class='ocrx_word' id='word_1_248' title='bbox 234 2093 394 2143; x_wconf 76' lang='lat' dir='ltr'><strong>Cethegi</strong></span> <span class='ocrx_word' id='word_1_249' title='bbox 425 2092 600 2140; x_wconf 79' lang='lat' dir='ltr'><strong>miserat,</strong></span> <span class='ocrx_word' id='word_1_250' title='bbox 632 2092 757 2140; x_wconf 81' lang='lat' dir='ltr'><strong>redit,</strong></span> <span class='ocrx_word' id='word_1_251' title='bbox 792 2102 1028 2144; x_wconf 83' lang='lat' dir='ltr'><strong>magnamque</strong></span> <span class='ocrx_word' id='word_1_252' title='bbox 1056 2091 1127 2128; x_wconf 79' lang='lat' dir='ltr'><strong>vim</strong></span> <span class='ocrx_word' id='word_1_253' title='bbox 1160 2090 1209 2128; x_wconf 77' lang='lat' dir='ltr'><strong>ibi</strong></span> <span class='ocrx_word' id='word_1_254' title='bbox 1247 2090 1390 2127; x_wconf 80' lang='lat' dir='ltr'><strong>telorum</strong></span> <span class='ocrx_word' id='word_1_255' title='bbox 1415 2101 1525 2125; x_wconf 75' lang='lat' dir='ltr'><strong>armo-</strong></span> 
     </span>
     <span class='ocr_line' id='line_1_30' title="bbox 234 2147 1513 2209; baseline -0.008 -14"><span class='ocrx_word' id='word_1_256' title='bbox 234 2171 398 2209; x_wconf 83' lang='lat' dir='ltr'><strong>rumque,</strong></span> <span class='ocrx_word' id='word_1_257' title='bbox 421 2155 653 2208; x_wconf 74' lang='lat' dir='ltr'><strong>plurimasque</strong></span> <span class='ocrx_word' id='word_1_258' title='bbox 669 2147 826 2207; x_wconf 39' lang='lat' dir='ltr'><em>ficas&amp;</em></span> <span class='ocrx_word' id='word_1_259' title='bbox 844 2153 988 2207; x_wconf 73' lang='lat' dir='ltr'><strong>gladios</strong></span> <span class='ocrx_word' id='word_1_260' title='bbox 1007 2167 1122 2191; x_wconf 81' lang='lat' dir='ltr'><strong>recens</strong></span> <span class='ocrx_word' id='word_1_261' title='bbox 1144 2162 1332 2197; x_wconf 76' lang='lat' dir='ltr'><strong>exacutus,</strong></span> <span class='ocrx_word' id='word_1_262' title='bbox 1360 2147 1513 2202; x_wconf 74' lang='lat' dir='ltr'><strong>reperiffe</strong></span> 
     </span>
     <span class='ocr_line' id='line_1_31' title="bbox 238 2226 406 2259; baseline -0.006 0"><span class='ocrx_word' id='word_1_263' title='bbox 238 2226 406 2259; x_wconf 77' lang='lat' dir='ltr'><strong>nuntiat.</strong></span> 
     </span>
    </p>
   </div>
   <div class='ocr_carea' id='block_1_2' title="bbox 146 970 151 989">
    <p class='ocr_par' dir='ltr' id='par_1_4' title="bbox 146 970 151 989">
     <span class='ocr_line' id='line_1_32' title="bbox 146 970 151 989; baseline 0 0"><span class='ocrx_word' id='word_1_264' title='bbox 146 970 151 989; x_wconf 69' lang='lat' dir='ltr'><strong>l</strong></span> 
     </span>
    </p>
   </div>
   <div class='ocr_carea' id='block_1_3' title="bbox 239 2318 1565 2506">
    <p class='ocr_par' dir='ltr' id='par_1_5' title="bbox 239 2318 1565 2506">
     <span class='ocr_line' id='line_1_33' title="bbox 285 2318 1531 2371; baseline -0.005 -12"><span class='ocrx_word' id='word_1_265' title='bbox 285 2327 308 2371; x_wconf 63' lang='grc' dir='ltr'><strong>ἓ</strong></span> <span class='ocrx_word' id='word_1_266' title='bbox 333 2326 424 2359; x_wconf 86' lang='lat' dir='ltr'><strong>XCI.</strong></span> <span class='ocrx_word' id='word_1_267' title='bbox 448 2325 534 2358; x_wconf 85' lang='lat' dir='ltr'><strong>Plut.</strong></span> <span class='ocrx_word' id='word_1_268' title='bbox 554 2324 627 2357; x_wconf 78' lang='lat' dir='ltr'><strong>Cic.</strong></span> <span class='ocrx_word' id='word_1_269' title='bbox 650 2323 684 2355; x_wconf 84' lang='lat' dir='ltr'><strong>‘m</strong></span> <span class='ocrx_word' id='word_1_270' title='bbox 706 2322 818 2355; x_wconf 73' lang='lat' dir='ltr'><strong>pison.</strong></span> <span class='ocrx_word' id='word_1_271' title='bbox 839 2334 868 2355; x_wconf 91' lang='lat' dir='ltr'><strong>c.</strong></span> <span class='ocrx_word' id='word_1_272' title='bbox 895 2333 945 2356; x_wconf 84' lang='lat'><strong>12.</strong></span> <span class='ocrx_word' id='word_1_273' title='bbox 971 2323 1060 2356; x_wconf 86' lang='lat' dir='ltr'><strong>Idem</strong></span> <span class='ocrx_word' id='word_1_274' title='bbox 1089 2322 1228 2355; x_wconf 73' lang='lat' dir='ltr'><strong>catilin.</strong></span> <span class='ocrx_word' id='word_1_275' title='bbox 1252 2333 1270 2352; x_wconf 80' lang='lat'>2</span> <span class='ocrx_word' id='word_1_276' title='bbox 1286 2348 1294 2361; x_wconf 90' lang='lat'>‚</span> <span class='ocrx_word' id='word_1_277' title='bbox 1315 2329 1354 2363; x_wconf 86' lang='lat'><strong>3,</strong></span> <span class='ocrx_word' id='word_1_278' title='bbox 1372 2318 1405 2352; x_wconf 84' lang='lat'>&amp;</span> <span class='ocrx_word' id='word_1_279' title='bbox 1426 2319 1531 2353; x_wconf 82' lang='lat' dir='ltr'><strong>famil.</strong></span> 
     </span>
     <span class='ocr_line' id='line_1_34' title="bbox 245 2364 1531 2413; baseline -0.005 -10"><span class='ocrx_word' id='word_1_280' title='bbox 245 2381 260 2412; x_wconf 87' lang='lat'><em>5</em></span> <span class='ocrx_word' id='word_1_281' title='bbox 275 2397 283 2413; x_wconf 86' lang='lat'><strong>,</strong></span> <span class='ocrx_word' id='word_1_282' title='bbox 302 2383 334 2403; x_wconf 88' lang='lat'><strong>2.</strong></span> <span class='ocrx_word' id='word_1_283' title='bbox 352 2371 494 2403; x_wconf 72' lang='lat' dir='ltr'><strong>Diodor.</strong></span> <span class='ocrx_word' id='word_1_284' title='bbox 512 2368 641 2402; x_wconf 84' lang='lat' dir='ltr'><strong>Sallust.</strong></span> <span class='ocrx_word' id='word_1_285' title='bbox 658 2368 680 2411; x_wconf 62' lang='grc' dir='ltr'><strong>ς</strong></span> <span class='ocrx_word' id='word_1_286' title='bbox 698 2368 808 2400; x_wconf 82' lang='lat' dir='ltr'><strong>XCII.</strong></span> <span class='ocrx_word' id='word_1_287' title='bbox 831 2367 917 2400; x_wconf 84' lang='lat' dir='ltr'><strong>Plin.</strong></span> <span class='ocrx_word' id='word_1_288' title='bbox 933 2378 996 2409; x_wconf 83' lang='lat'><strong>23,</strong></span> <span class='ocrx_word' id='word_1_289' title='bbox 1010 2381 1040 2400; x_wconf 65' lang='grc' dir='ltr'><strong>ιι.</strong></span> <span class='ocrx_word' id='word_1_290' title='bbox 1058 2366 1334 2408; x_wconf 70' lang='lat' dir='ltr'><strong>Quinffilian.6‚</strong></span> <span class='ocrx_word' id='word_1_291' title='bbox 1352 2375 1382 2396; x_wconf 85' lang='lat'><strong>1.</strong></span> <span class='ocrx_word' id='word_1_292' title='bbox 1406 2364 1531 2397; x_wconf 78' lang='lat' dir='ltr'><strong>Ascun.</strong></span> 
     </span>
     <span class='ocr_line' id='line_1_35' title="bbox 239 2408 1565 2459; baseline -0.005 -11"><span class='ocrx_word' id='word_1_293' title='bbox 239 2415 275 2448; x_wconf 79' lang='lat' dir='ltr'><strong>in</strong></span> <span class='ocrx_word' id='word_1_294' title='bbox 304 2426 371 2459; x_wconf 82' lang='lat' dir='ltr'><strong>tog.</strong></span> <span class='ocrx_word' id='word_1_295' title='bbox 407 2415 499 2447; x_wconf 63' lang='lat' dir='ltr'><strong>cnud.</strong></span> <span class='ocrx_word' id='word_1_296' title='bbox 526 2414 546 2457; x_wconf 71' lang='grc' dir='ltr'>Ε</span> <span class='ocrx_word' id='word_1_297' title='bbox 568 2413 690 2445; x_wconf 81' lang='lat' dir='ltr'><strong>XCIII.</strong></span> <span class='ocrx_word' id='word_1_298' title='bbox 719 2412 790 2444; x_wconf 84' lang='lat' dir='ltr'><strong>Cic.</strong></span> <span class='ocrx_word' id='word_1_299' title='bbox 816 2424 880 2454; x_wconf 86' lang='lat' dir='ltr'><strong>pro</strong></span> <span class='ocrx_word' id='word_1_300' title='bbox 905 2412 1011 2446; x_wconf 71' lang='lat' dir='ltr'><strong>flacc.</strong></span> <span class='ocrx_word' id='word_1_301' title='bbox 1044 2424 1073 2445; x_wconf 91' lang='lat' dir='ltr'><strong>c.</strong></span> <span class='ocrx_word' id='word_1_302' title='bbox 1105 2424 1140 2457; x_wconf 85' lang='lat'><strong>3¹</strong></span> <span class='ocrx_word' id='word_1_303' title='bbox 1161 2437 1170 2453; x_wconf 86' lang='lat'><strong>,</strong></span> <span class='ocrx_word' id='word_1_304' title='bbox 1193 2412 1225 2444; x_wconf 71' lang='grc' dir='ltr'><strong>δε</strong></span> <span class='ocrx_word' id='word_1_305' title='bbox 1247 2423 1309 2456; x_wconf 83' lang='lat' dir='ltr'><strong>pro</strong></span> <span class='ocrx_word' id='word_1_306' title='bbox 1334 2408 1478 2442; x_wconf 82' lang='lat' dir='ltr'><strong>Mutaen.</strong></span> <span class='ocrx_word' id='word_1_307' title='bbox 1498 2419 1530 2442; x_wconf 78' lang='lat' dir='ltr'><strong>c.</strong></span> <span class='ocrx_word' id='word_1_308' title='bbox 1560 2440 1565 2446; x_wconf 81' lang='grc'><strong>,</strong></span> 
     </span>
     <span class='ocr_line' id='line_1_36' title="bbox 244 2456 839 2506; baseline -0.008 -12"><span class='ocrx_word' id='word_1_309' title='bbox 244 2470 284 2494; x_wconf 83' lang='lat'><strong>11</strong></span> <span class='ocrx_word' id='word_1_310' title='bbox 315 2460 348 2493; x_wconf 73' lang='grc' dir='ltr'><strong>ὃ(</strong></span> <span class='ocrx_word' id='word_1_311' title='bbox 368 2469 420 2506; x_wconf 83' lang='lat'><strong>37.</strong></span> <span class='ocrx_word' id='word_1_312' title='bbox 449 2459 537 2493; x_wconf 84' lang='lat' dir='ltr'><strong>Plut.</strong></span> <span class='ocrx_word' id='word_1_313' title='bbox 562 2459 596 2490; x_wconf 83' lang='lat' dir='ltr'><strong>in</strong></span> <span class='ocrx_word' id='word_1_314' title='bbox 624 2459 700 2490; x_wconf 68' lang='lat' dir='ltr'><strong>Cat.</strong></span> <span class='ocrx_word' id='word_1_315' title='bbox 724 2469 752 2490; x_wconf 88' lang='lat' dir='ltr'><strong>c.</strong></span> <span class='ocrx_word' id='word_1_316' title='bbox 783 2456 839 2502; x_wconf 85' lang='lat'><strong>38.</strong></span> 
     </span>
    </p>
   </div>
   <div class='ocr_carea' id='block_1_4' title="bbox 203 9 1675 2959">
    <p class='ocr_par' dir='ltr' id='par_1_6' title="bbox 203 9 1675 2959">
     <span class='ocr_line' id='line_1_37' title="bbox 646 9 1675 94; baseline -0.013 3"><span class='ocrx_word' id='word_1_317' title='bbox 646 52 648 54; x_wconf 91' lang='lat'>·</span> <span class='ocrx_word' id='word_1_318' title='bbox 902 83 908 94; x_wconf 82' lang='lat'><strong>.</strong></span> <span class='ocrx_word' id='word_1_319' title='bbox 1657 9 1675 84; x_wconf 70' lang='grc' dir='ltr'>Ξ</span> 
     </span>
     <span class='ocr_line' id='line_1_38' title="bbox 206 123 1593 197; baseline -0.012 -11"><span class='ocrx_word' id='word_1_320' title='bbox 206 133 268 197; x_wconf 75' lang='lat'><strong>84</strong></span> <span class='ocrx_word' id='word_1_321' title='bbox 333 123 1398 184; x_wconf 77' lang='lat' dir='ltr'><strong>JO.FRE1NSHEM118UPPLEM.</strong></span> <span class='ocrx_word' id='word_1_322' title='bbox 1590 166 1593 167; x_wconf 10' lang='grc' dir='ltr'><em>γ</em></span> 
     </span>
     <span class='ocr_line' id='line_1_39' title="bbox 203 216 1493 289; baseline -0.01 -5"><span class='ocrx_word' id='word_1_323' title='bbox 203 243 284 284; x_wconf 85' lang='lat' dir='ltr'><strong>lum</strong></span> <span class='ocrx_word' id='word_1_324' title='bbox 311 241 546 289; x_wconf 80' lang='lat' dir='ltr'><strong>tumultum,</strong></span> <span class='ocrx_word' id='word_1_325' title='bbox 573 238 678 278; x_wconf 86' lang='lat' dir='ltr'><strong>eaede</strong></span> <span class='ocrx_word' id='word_1_326' title='bbox 706 216 751 276; x_wconf 64' lang='lat'><strong>&amp;⁹</strong></span> <span class='ocrx_word' id='word_1_327' title='bbox 775 235 958 274; x_wconf 90' lang='lat' dir='ltr'><strong>incendio</strong></span> <span class='ocrx_word' id='word_1_328' title='bbox 989 233 1169 285; x_wconf 66' lang='lat' dir='ltr'><strong>perculsis</strong></span> <span class='ocrx_word' id='word_1_329' title='bbox 1198 233 1407 282; x_wconf 87' lang='lat' dir='ltr'><strong>omnibus,</strong></span> <span class='ocrx_word' id='word_1_330' title='bbox 1440 227 1493 271; x_wconf 76' lang='lat' dir='ltr'><strong>ad</strong></span> 
     </span>
     <span class='ocr_line' id='line_1_40' title="bbox 204 288 1322 350; baseline -0.02 -2"><span class='ocrx_word' id='word_1_331' title='bbox 204 306 414 350; x_wconf 80' lang='lat' dir='ltr'><strong>Catilinam</strong></span> <span class='ocrx_word' id='word_1_332' title='bbox 439 303 631 344; x_wconf 86' lang='lat' dir='ltr'><strong>debebant</strong></span> <span class='ocrx_word' id='word_1_333' title='bbox 659 311 870 348; x_wconf 81' lang='lat' dir='ltr'><strong>erumpere.</strong></span> <span class='ocrx_word' id='word_1_334' title='bbox 1248 289 1267 327; x_wconf 55' lang='grc' dir='ltr'>ἓ</span> <span class='ocrx_word' id='word_1_335' title='bbox 1318 288 1322 292; x_wconf 87' lang='grc'><strong><em>’</em></strong></span> 
     </span>
     <span class='ocr_line' id='line_1_41' title="bbox 1662 2134 1675 2775; baseline 0 27"><span class='ocrx_word' id='word_1_336' title='bbox 1662 2134 1675 2775; x_wconf 81' lang='lat' dir='ltr'><strong>i</strong></span> 
     </span>
     <span class='ocr_line' id='line_1_42' title="bbox 1662 2819 1675 2959; baseline 0 0"><span class='ocrx_word' id='word_1_337' title='bbox 1662 2819 1675 2959; x_wconf 73' lang='lat' dir='ltr'><strong>l</strong></span> 
     </span>
    </p>
   </div>
  </div>
 </body>
</html>
