1675 2959
290 91 379 127 με.
450 77 545 124 10.
591 79 1099 129 FRfflNSHEMH
1139 78 1509 138 SUPPLEM.

284 181 425 221 diebus
458 191 560 225 trans
586 184 735 224 Mosam
770 188 981 236 praedatum
1015 190 1217 240 miserant,
1252 207 1422 244 pugnam
1451 206 1575 247 eque-³,

275 245 395 285 'litem
416 246 582 298 facturos
607 248 716 287 fuiffe
742 262 876 290 contra
903 253 1074 302 quinque
1103 255 1244 306 millia,
1272 258 1340 297 nifi
1363 262 1487 299 coac‘ti
1513 270 1572 300 at-

283 318 358 357 que
383 306 543 347 lacessiti
569 309 740 348 fuiflent.
996 323 998 325 ’

347 367 428 408 LII.
472 368 638 408 Eventus
666 370 697 408 is
725 370 826 418 fuit,
856 380 898 410 ut
932 384 953 411 a
990 376 1099 413 tanto
1131 378 1374 426 paucioribus
1402 381 1573 424 Romani

280 430 388 469 foeda
414 431 506 481 fuga
535 431 653 480 usque
679 433 728 471 ad
759 433 1009 485 conspeetum
1033 438 1241 480 castrorum
1265 441 1420 483 suorum
1450 444 1574 496 repel-

278 490 460 531 lerentur.
493 493 676 533 Postridie
700 495 979 537 Germanorum
1005 499 1195 551 principes
1219 505 1455 556 majoresque
1479 516 1572 547 natu

279 555 415 595 omnes
429 585 440 603 ‚
470 557 523 594 uti
548 567 780 597 convenerat
796 590 806 606 ‚
830 560 878 599 ad
902 560 1083 607 Caesarern
1102 577 1178 603 uno
1199 567 1352 616 agmine
1371 580 1570 612 venerunt.

277 615 373 664 Ille,
400 615 459 655 his
485 617 766 668 comprehendi
793 619 981 661 hostiliter
999 623 1128 674 justis,
1151 625 1278 666 statim
1300 628 1432 668 educit
1458 631 1571 679 suos„

282 678 598 728 Germanosque,
621 679 719 719 nibil
751 681 826 720 tale
861 684 1093 733 cogitantes,
1121 686 1349 738 improvisus
1383 693 1571 741 aggressor

281 741 333 780 ad
351 741 654 781 internecionem
670 744 797 784 caedit.
825 745 1003 797 Quantus
1025 756 1258 789 armatorum
1276 764 1454 792 numerus
1471 758 1569 805 peri-

275 801 368 847 erit,
392 814 473 840 non
506 801 680 842 traditur.
715 805 868 855 capitum
892 808 1142 859 quadringenta
1165 812 1315 864 triginta
1345 814 1458 852 millia
1471 815 1570 867 fuis.

267 863 333 916 se,
353 863 473 903 Caesar
486 864 648 915 scripsit,
667 865 918 906 multitudine
941 882 1148 920 puerorum
1166 871 1447 925 mulierumque
1463 888 1569 917 com.

273 934 424 976 putata.
450 926 572 966 Caesar
598 940 783 977 perquam
806 930 935 981 fragili
964 932 1184 973 defensione
1211 934 1357 975 faetum
1387 935 1463 976 hoc
1486 946 1569 978 tue-

274 992 350 1024 tur.
383 987 632 1035 Germanorum
652 990 834 1043 principes
858 1006 922 1043 per
935 993 1197 1042 fimulationem
1221 998 1271 1034 ad
1288 999 1360 1049 sua
1381 997 1491 1049 c'astra
1510 1015 1568 1038 ve.

270 1046 378 1099 mſje,
404 1048 499 1087 uiln'l
524 1050 629 1087 aliud
659 1054 813 1098 aeluros,
851 1065 954 1103 quam
988 1064 1026 1090 us
1051 1064 1184 1106 tempus
1221 1057 1437 1106 obtinerent,
1471 1059 1568 1097 intra

275 1110 373 1160 quod
397 1110 575 1162 equitatus
595 1112 685 1162 suus
707 1113 826 1149 reverti
849 1113 980 1165 poffi’t:
999 1115 1040 1167 se
1065 1129 1169 1167 neque
1191 1117 1384 1155 audiendos
1405 1121 1562 1172 putaffi,

274 1170 336 1221 qui
350 1200 362 1218 ‚
382 1185 446 1223 per
466 1171 582 1209 dolum
596 1173 709 1224 petita
726 1187 815 1225 pecc
829 1202 841 1221 ‚
869 1173 995 1212 bellum
1015 1175 1105 1213 ultro
1124 1176 1314 1228 intulstent
1328 1194 1345 1226 ,-
1369 1178 1404 1216 6·
1422 1180 1565 1231 ficmmae

271 1232 446 1269 dementiae
462 1232 635 1284 judicaffi
653 1263 663 1280 ‚
684 1235 875 1287 exspeuare
889 1265 900 1282 ‚
922 1237 1027 1275 donec
1050 1237 1190 1290 hostium
1220 1253 1423 1292 augerentur
1444 1243 1561 1294 copiae.

325 1291 426 1331 LIH.
456 1294 555 1332 Sane
585 1293 736 1333 causam
771 1295 875 1335 suam
906 1310 955 1336 ne
982 1298 1247 1339 Romanorum
1275 1302 1434 1350 quidem
1464 1305 1566 1354 opti«

277 1353 351 1392 mis
367 1353 571 1402 probavit:
595 1355 768 1406 adeoque
792 1357 978 1397 Tanufius
1004 1360 1189 1401 Geminus
1215 1362 1454 1404 historiarum
1476 1365 1563 1404 scri-

243 1405 247 1408 *
269 1422 361 1465 ptor
375 1426 396 1453 a
412 1414 468 1455 M.
489 1415 637 1455 Catone
656 1417 798 1456 dietam
814 1418 928 1457 tradit
949 1419 1175 1461 sententiam
1189 1452 1200 1470 ‚
1219 1436 1294 1474 quo
1317 1434 1489 1476 tempore
1514 1440 1562 1468 ex

269 1476 390 1516 literis
424 1476 575 1518 Caesaris
609 1479 908 1530 supplicationes
939 1483 1241 1523 decernebantur
1261 1515 1272 1533 ,
1302 1487 1489 1526 dedendum
1509 1489 1561 1525 il-

270 1538 341 1576 lum
370 1540 522 1591 hostibus
548 1541 633 1594 effi,
661 1543 704 1580 ob
731 1543 920 1594 legationis
947 1546 1088 1584 violatae
1117 1546 1230 1598 nefizs.
1261 1548 1465 1589 Suetonius
1490 1552 1556 1589 ade

271 1601 356 1651 dit,
385 1602 591 1653 aliquando
623 1619 644 1644 a
668 1605 800 1646 senatu
828 1607 1025 1648 decretum
1059 1610 1194 1659 fuisse,
1231 1625 1269 1650 ut
1296 1616 1346 1652 ad
1374 1615 1560 1667 exploran-

267 1665 350 1702 dum
374 1666 503 1717 statum
538 1667 739 1706 Galliarum
766 1667 873 1721 legati
899 1672 1134 1719 mitterentur,·
1159 1674 1254 1725 quod
1277 1673 1418 1726 infestas
1444 1689 1487 1713 ac
1501 1675 1558 1726 se-

267 1740 327 1764 ras
351 1740 472 1779 gentes
505 1743 528 1766 a
564 1731 694 1782 Caesare
721 1730 857 1780 laceſji,
887 1746 1010 1784 parum
1038 1749 1054 1771 e
1078 1733 1251 1786 republica
1283 1737 1463 1775 videretur.
1496 1736 1556 1776 In-

271 1786 384 1825 terim
411 1788 556 1837 equites
580 1789 915 1831 Tenchtherorum
945 1795 979 1831 ἃ
1006 1793 1377 1844 Ufipetum„audira
1402 1795 1556 1837 suorum

270 1848 405 1897 clade,
436 1863 503 1900 per
531 1851 621 1892 alias
655 1853 733 1892 vias
765 1854 814 1892 ad
841 1853 1022 1895 Rhenum
1055 1867 1264 1906 venerunt,
1292 1871 1414 1908 eoque
1439 1860 1554 1898 trans-

267 1909 378 1949 miss'o
393 1941 404 1958 ,
427 1910 512 1950 sunt
533 1925 554 1951 a
578 1914 786 1964 Sigambris
810 1915 964 1966 recepti.
991 1917 1130 1956 eodem
1162 1920 1274 1968 pauci
1298 1933 1430 1959 eorum
1446 1950 1456 1969 ,
1485 1922 1549 1972 qui

267 1971 408 2022 proelio
435 1973 709 2023 interfuerant,
732 1989 777 2015 ex
804 1976 895 2027 fuga
921 1988 1181 2028 penetrarunt.

323 2032 416 2074 LIV.
443 2034 518 2074 Eos
549 2047 639 2074 cum
664 2037 783 2077 Caesar
816 2038 904 2077 dedi
931 2039 1159 2090 postularet,
1185 2041 1399 2092 Sigambri‚
1421 2044 1548 2096 populi

267 2093 424 2133 Romani
451 2096 626 2148 imperium
657 2099 781 2138 Rheno
803 2100 931 2150 finiri,
951 2101 1255 2152 responderunt:
1281 2106 1320 2155 si
1342 2105 1413 2157 ipse
1438 2105 1549 2143 nollet

276 2154 315 2193 in
339 2155 496 2194 Galliam
525 2159 641 2197 venire
663 2161 857 2200 Germanos
871 2190 884 2210 ,
907 2163 1047 2214 viciffim
1073 2164 1109 2203 6·
1119 2164 1189 2215 fibi
1201 2164 1299 2217 juris
1321 2176 1384 2202 aut
1398 2167 1551 2219 potesta·

311 2293 333 2337 5
364 2295 416 2327 LI.
443 2297 582 2331 Sueton,
608 2299 642 2331 in
673 2299 756 2332 Caes.
784 2313 813 2335 c.
835 2313 888 2340 24·
918 2303 1007 2336 Piut.
1034 2304 1178 2339 Diodor.
1206 2304 1291 2339 Caes.
1321 2305 1406 2337 Flor.
1431 2316 1469 2348 3,
1493 2315 1548 2341 νο.

264 2338 289 2384 5
320 2340 390 2373 Lu.
414 2341 489 2378 Liv.
513 2343 607 2389 Epir.
629 2343 773 2383 Diodor.
795 2346 881 2383 Caes.
906 2348 928 2393 §
951 2349 1037 2384 [ΙΙΙ.
1059 2351 1165 2385 strab.
1190 2353 1213 2384 1.
1234 2362 1268 2392 4.
1288 2349 1430 2387 Diodor.
1450 2350 1540 2388 fic-r,

265 2394 308 2428 3,
339 2395 391 2422 ιο.
