1675 2959
297 163 390 229 396
463 161 560 209 JO.
598 152 1104 206 FREINSHEMII
1147 145 1521 197 SUPPLEMJ

352 269 468 310 XIX.
493 269 568 308 Vix
592 266 713 305 relatu
742 264 922 314 dignum,
949 268 1079 298 tamen
1103 258 1151 297 ad
1176 257 1348 306 ineptam
1376 252 1583 292 bominum

296 331 513 370 cavendam
544 326 843 367 sollicitudinem
871 334 950 360 non
979 319 1111 359 inutile
1135 319 1289 358 tradunt
1316 317 1510 361 auctores,
1539 325 1584 349 ex

296 393 472 434 vaticinio
491 391 641 442 quodam
667 385 796 435 Caffios
815 384 945 438 semper
961 383 1138 436 suspeffos
1165 380 1330 433 Pompejo
1346 377 1483 432 βψς
1505 387 1582 414 cum

297 469 395 493 nemo
436 453 612 491 hominum
649 449 711 486 lzoc
743 446 906 493 nomine,
935 446 1001 499 fid
1025 457 1124 482 mons
1158 443 1294 497 [cilicet
1332 442 1450 491 Castus
1479 437 1588 490 sata-

299 517 350 554 lis
369 516 400 553 ei
425 513 606 566 praedic‘lus
635 508 723 561 efflet.
758 506 940 547 Postridie
965 515 1129 543 mortem
1151 501 1327 552 Pompeji
1357 500 1508 539 secutus
1533 495 1586 535 il·-

297 574 383 614 lum
411 587 432 612 e
461 573 591 622 Cypro
619 570 660 610 L.
684 568 865 609 Lentulus
887 567 1070 611 advenit,
1091 566 1245 615 ignarus
1271 563 1475 607 omnium,
1502 569 1586 608 quae

297 634 551 677 accidissent:
583 632 650 671 sed
681 630 889 682 conspecto
919 630 960 668 in
985 628 1097 667 litore
1122 639 1243 677 rogo,
1269 622 1396 662 nescio
1424 634 1498 671 qua
1521 631 1588 658 oc-
1672 664 1673 668 Ἰ

303 698 407 738 culta
426 697 464 735 vi
493 703 765 734 commovente
789 691 984 739 animum,
1013 689 1107 727 eccui
1130 688 1212 734 kic,
1236 685 1386 735 inquit,
1401 681 1495 735 justa
1517 692 1589 719 tam
1615 700 1626 703 „
1671 692 1675 734 g

299 759 440 799 exiliter
450 759 577 809 fiunt?
599 768 671 794 nec
694 754 812 804 longo
834 750 1062 802 interposito
1083 747 1205 799 spatio
1220 778 1231 794 ,
1242 744 1398 800 fhrtaffis
1419 743 1483 782 tibi
1497 772 1512 790 ,b
1523 743 1588 780 Cn.
1673 742 1675 751 ⁴

297 821 472 874 Pompei!
504 817 698 859 Divinavit
729 815 845 855 amici
873 812 1028 858 casum,
1058 811 1164 851 unde
1195 809 1302 848 suam
1332 817 1485 856 quoque
1507 803 1588 842 for-

290 891 436 924 «tunam
464 881 632 932 pendere
662 892 741 919 non
765 876 973 917 nesciebat.
1005 876 1089 916 Nec
1121 873 1190 913 diu
1228 870 1441 922 superfuit:
1480 878 1591 905 com-

297 942 508 995 prehensus
541 942 648 981 enim
680 941 728 982 ab
757 952 870 990 rege,
901 938 951 978 ad
983 936 1168 978 Pelusium
1200 934 1242 974 in
1271 931 1443 974 custodia
1471 940 1592 969 neca-

303 1014 366 1048 tus
393 1006 457 1048 est.

359 1076 454 1116 XX.
477 1079 525 1116 At
550 1076 616 1127 qui
643 1076 684 1114 in
713 1074 884 1126 Cyprum
909 1073 1150 1122 refugerant,
1170 1064 1317 1107 diversa
1342 1062 1480 1104 exinde
1502 1060 1590 1100 loca

305 1139 537 1191 petiverunt.
575 1137 736 1178 Interim
773 1135 895 1176 Caesar
926 1134 1009 1185 post
1033 1132 1261 1176 viciorum,
1287 1127 1409 1167 biduo
1441 1133 1596 1164 tantum

307 1201 451 1241 honori
477 1201 586 1241 simul
606 1202 778 1241 Deorum
794 1231 806 1252 ,
831 1200 867 1238 ὃς
891 1197 1010 1248 quieti
1034 1194 1201 1234 miiitum
1224 1192 1337 1237 dato,
1363 1187 1506 1228 omissis
1530 1198 1619 1225 cu·-

307 1267 361 1304 tis
387 1264 471 1303 aliis
490 1294 501 1313 ,
535 1265 786 1314 Pompejum,
818 1272 1049 1312 quocunque
1075 1267 1259 1297 terrarum
1291 1254 1328 1293 se
1358 1250 1597 1299 contulisset,

308 1327 416 1377 sequi
437 1334 585 1374 certus,
602 1325 678 1365 hoc
705 1338 782 1364 uno
806 1323 1038 1376 angebatur,
1062 1320 1167 1372 quod
1188 1329 1314 1367 neque
1339 1315 1507 1362 nuntiis,
1530 1325 1601 1351 ne-

311 1401 389 1438 que
404 1387 508 1426 fama
527 1387 644 1426 fiebat
671 1388 811 1425 certior
832 1415 844 1434 ,
870 1397 986 1435 quam
1011 1384 1049 1422 in
1073 1390 1222 1434 partem
1246 1381 1453 1430 Pompeius
1477 1378 1603 1416 inten-

309 1449 425 1488 diffet
450 1450 594 1500 fugam.
626 1447 817 1488 Postremo
840 1459 930 1486 cum
957 1447 1212 1495 interrogatus
1234 1455 1278 1482 ea
1303 1443 1350 1481 de
1373 1453 1413 1480 re
1438 1440 1599 1487 Brutus,

310 1524 542 1562 argumenta
571 1511 747 1561 quaedem
771 1509 1006 1561 protulisset,
1031 1510 1067 1546 in
1095 1509 1300 1560 AEgyptum
1317 1503 1446 1557 fizgtffe
1470 1501 1601 1549 videri,

313 1574 504 1622 eredidit,
535 1585 657 1623 eoque
684 1572 811 1611 statuit
840 1571 1037 1610 accedere.
1073 1570 1196 1621 Igitur
1216 1567 1376 1607 assumto
1403 1564 1601 1615 equitatu,

317 1637 355 1675 δε
389 1648 465 1675 una
502 1634 654 1686 legione
694 1634 906 1673 minoribus
940 1633 1138 1672 itineribus
1183 1629 1358 1680 subsequi
1388 1627 1507 1677 jussa,
1537 1636 1606 1676 pet

317 1697 551 1738 Thessaliam
593 1698 634 1736 in
672 1696 947 1737 Macedoniam
983 1694 1176 1745 profectus
1213 1693 1275 1733 est.
1325 1688 1512 1732 Thessalis
1552 1686 1604 1727 ob

316 1772 497 1800 navatam
535 1759 575 1798 in
605 1757 707 1798 bello
731 1771 887 1808 operam
907 1789 918 1807 ‚
951 1756 1184 1807 praebitaque
1204 1753 1370 1801 auxilia,
1394 1750 1502 1791 simul
1529 1761 1607 1789 ter-

315 1836 398 1864 ram
431 1823 624 1863 honorans
651 1823 817 1862 vietoriae
842 1821 916 1861 suae
945 1821 1101 1867 testem,
1123 1818 1339 1858 libertatem
1369 1813 1549 1855 reddidit.

376 1893 488 1934 XXI.
517 1891 811 1933 Atheniensibus
837 1891 953 1930 etiam
979 1898 1056 1929 rata
1083 1898 1165 1928 tum
1191 1887 1267 1927 sors
1291 1887 1390 1932 fuit,
1407 1896 1530 1935 vquarn
1552 1884 1608 1922 in-

321 1961 382 1994 ter
411 1956 520 1994 initia
555 1955 770 1994 condendae
799 1954 902 1993 urbis
934 1951 1152 2004 imposuisse
1180 1951 1283 1991 Deos
1310 1948 1448 1988 fabulae
1479 1945 1608 1997 vulga·

322 2025 442 2056 runt:
477 2019 703 2070 Neptunum,
730 2017 780 2054 uri
802 2016 934 2069 semper
961 2028 1077 2053 temere
1102 2013 1340 2065 confitlerent,·
1378 2011 1608 2058 Μὶπενναηι,

321 2081 377 2118 uti
408 2081 636 2118 nihilominus
662 2080 837 2117 commoda
866 2079 1014 2130 fhrturza
1048 2089 1228 2116 urerentur.
1268 2075 1367 2114 Nam
1396 2082 1479 2110 tum
1510 2083 1607 2121 quo·

324 2153 401 2191 que
431 2141 551 2180 Caesar
584 2142 734 2191 ignovit
767 2138 1089 2190 deprecantibus,
1121 2137 1247 2176 severe
1274 2133 1505 2184 increpitans
1526 2163 1541 2179 ,
1564 2132 1611 2171 ’δὲ

325 2202 403 2242 hac
427 2215 523 2242 voce
545 2203 718 2250 adjecta:
748 2201 920 2254 quousque
938 2215 1027 2247 vos,
1044 2200 1149 2252 vestro
1174 2199 1289 2237 merito
1309 2206 1491 2248 pereuntes
1506 2224 1516 2239 ,
1539 2207 1613 2231 ma-

321 2264 440 2318 jorum
460 2264 617 2318 servabit
648 2264 764 2317 gloria
780 2265 801 2302 Ρ
839 2262 990 2302 Deinde
1014 2273 1103 2300 cum
1127 2272 1194 2311 per
1224 2256 1500 2298 Macedoniam
1523 2256 1615 2295 Am-

330 2460 336 2467 .
375 2406 513 2493 §BXIEL
535 2406 616 2440 Dio.
644 2406 723 2440 var.
747 2405 842 2440 Max.
868 2404 953 2438 Caes.
977 2401 1080 2436 Oros.
1107 2401 1127 2446 §
1148 2399 1223 2435 XX.
1245 2399 1392 2446 Appiam
1413 2398 1497 2434 (εἰ.
1525 2397 1617 2434 Pius.

331 2472 366 2496 m
418 2469 485 2495 rut.
511 2472 540 2493 c.
565 2470 600 2502 9.
