1675 2959
277 105 365 157 130
432 96 531 143 Jo.
570 94 1470 150 ERssrN-SHEMIISUPPLEM.
1515 117 1549 178 (-

331 203 394 243 Cl.
423 203 649 244 Ciceronem
678 217 758 244 non
780 206 1018 254 nominavit,
1039 206 1104 246 sed
1129 208 1247 257 dixit,
1269 210 1477 262 consularem
1496 205 1549 250 d}-

256 266 415 320 fertum,
448 267 600 304 vicinum
637 267 790 318 confidi,
810 267 881 317 fibi
911 268 1058 320 dixtſje,
1079 270 1238 309 Ahalam
1264 271 1451 321 Servilium
1477 272 1549 310 ali-

263 341 386 380 quem,
414 338 478 364 aut
500 328 601 364 etiam
626 328 772 364 Brutum
798 337 888 378 opus
912 327 974 379 ff
1001 330 1159 381 opperiri.
1186 330 1338 371 Deinde
1357 343 1445 371 cum
1465 335 1546 380 jam

266 389 519 430 descendisset
549 389 596 428 de
627 389 779 435 rostriS,
807 387 1023 429 collocutus
1058 402 1149 435 cum
1181 405 1228 433 eo
1255 390 1454 442 Vatinius,
1486 404 1547 432 re-

263 451 442 498 vocavit,
466 451 788 499 interrogavitque
804 479 815 497 ,
843 451 1042 502 ecquofiram
1078 451 1173 490 alios
1199 454 1307 506 poffit
1333 456 1544 493 nominare?

263 517 348 551 tum
374 511 438 549 ille
463 513 498 550 C.
519 512 683 563 Pisonem
708 526 864 563 generum
882 512 1073 561 Ciceronis,
1100 514 1135 552 δ’
1155 515 1215 555 Μ.
1229 514 1546 569 Laterensem'con-

252 572 352 626 scios
375 571 512 610 edidit.
551 572 799 621 Quamquam
826 573 869 611 in
894 572 952 612 his
982 573 1103 613 multa
1133 583 1264 622 erant,
1290 588 1372 625 quae
1405 575 1543 616 falsum

259 633 451 672 indicium
477 634 704 682 proderent,
736 642 866 673 tamen
888 635 1131 686 promulgata
1155 636 1217 676 lex
1241 638 1294 676 est
1314 651 1335 677 a
1362 638 1542 688 Vatinio,

258 707 300 733 ut
331 695 447 732 Vettio
465 694 608 746 praemia
634 696 909 743 decernerentur,
933 698 1038 748 deque
1056 698 1247 736 nominatis
1272 700 1318 736 ab
1343 714 1382 737 eo
1406 702 1544 753 quaestio

258 755 446 794 haberetur.
467 755 622 794 Interim
646 756 795 793 Vettius
818 756 933 806 apud
950 757 1118 796 Crassum
1143 758 1327 807 divitem,
1349 761 1397 799 de
1415 762 1454 800 vi
1475 774 1545 811 po-

257 816 438 865 stulatus,
458 830 544 856 cum
565 817 711 857 fraudis
735 815 930 857 architecti
953 818 1097 858 confilii
1114 828 1192 859 tam
1209 822 1411 871 praecipitis
1429 836 1542 873 even.

254 886 344 917 tum
375 879 643 929 desperarent,
670 881 710 917 in
735 891 884 919 carcere
907 879 1052 920 occisus
1083 881 1160 930 est;
1190 881 1332 922 Caesare
1363 883 1541 935 suspicio.

256 953 349 979 nem
379 942 420 979 in
450 940 545 980 alios
568 940 769 979 transferre
795 940 902 989 niso,
924 953 1155 992 quamquam
1178 943 1256 993 ipse
1276 945 1383 985 necis
1407 948 1538 986 auctor

258 1002 490 1040 crederetur.

274 1078 275 1081 ¹
317 1062 397 1102 CII.
435 1062 658 1111 Impetravit
685 1070 817 1100 tamen
848 1062 896 1101 ab
925 1063 1077 1103 addicta
1104 1064 1248 1115 plebe,
1275 1075 1320 1106 ut
1343 1067 1445 1108 illius
1475 1082 1541 1108 vo-

254 1123 406 1164 luntate
431 1122 605 1173 jussuque
632 1124 844 1173 praefidium
873 1124 940 1164 fibi
968 1125 1249 1168 circumdaret:
1276 1130 1392 1169 verbo
1419 1132 1542 1169 adver-

246 1190 314 1240 sus
341 1188 515 1238 infidiam
551 1198 701 1233 revera,
730 1196 771 1225 ut
801 1187 1064 1237 opprimendis
1100 1190 1265 1230 inimicis
1291 1192 1329 1230 se
1357 1194 1535 1232 muniret.

253 1248 490 1299 Eratplane
520 1247 745 1288 miserabilis
781 1258 1000 1300 temporum
1031 1251 1169 1301 status,
1199 1266 1288 1293 cum
1320 1266 1538 1305 paterentur

250 1311 431 1351 homines
446 1342 456 1359 ,
474 1325 557 1361 quae
582 1311 753 1360 nollent,
771 1314 990 1353 omitterent
1016 1316 1158 1355 mederi
1168 1344 1187 1363 ,-
1198 1330 1287 1356 cum
1310 1318 1478 1369 possent,
1497 1321 1538 1359 &c

251 1384 387 1415 tamen
421 1388 469 1414 ne
494 1376 599 1415 taciti
631 1377 786 1427 quidem
816 1377 954 1417 sortem
980 1377 1086 1418 suam
1116 1381 1414 1431 indignarentur.
1464 1382 1535 1422 Lu-

251 1439 312 1477 dis
343 1437 628 1489 Apollinaribus
664 1441 832 1479 maxime
859 1440 1054 1492 perspersta
1084 1442 1221 1493 populi
1247 1442 1422 1483 voluntas
1450 1445 1501 1483 est
1523 1475 1538 1494 ‚

254 1513 344 1539 cum
386 1515 509 1551 neque
552 1501 685 1541 Caesari
722 1502 892 1553 praesenti
928 1502 1129 1553 plausum,
1166 1506 1202 1544 &
1238 1506 1278 1544 in
1308 1506 1537 1556 Pompejum

253 1563 481 1616 (Coloniam
510 1565 612 1602 enim
638 1565 809 1615 Capuam
838 1565 1085 1620 deducebat)
1109 1567 1404 1616 petulantissime
1432 1569 1536 1607 inve·

253 1626 335 1664 &us
360 1623 537 1674 Diphilus
559 1627 755 1676 tragoedus
778 1627 830 1666 ita
854 1626 1021 1679 placuit,
1044 1637 1086 1667 ut
1112 1628 1246 1679 saepius
1266 1643 1286 1669 a
1307 1630 1453 1681 populo
1475 1632 1535 1680 ju-

251 1686 405 1726 beretur
434 1697 628 1737 repetere,
653 1689 782 1741 Nostra
803 1681 938 1740 mistria
967 1702 1005 1727 ια
1033 1704 1069 1728 es
1099 1704 1269 1743 magnus.-
1297 1693 1355 1739 ἃ,
1374 1693 1535 1751 virtuter,

250 1751 374 1804 1stam,
399 1752 514 1788 veniet
532 1763 692 1804 tempus,
712 1766 785 1789 cum
803 1753 995 1805 graviter
983 1767 1103 1796 gemes.

285 1811 404 1854 CIII.
446 1812 579 1852 Edicta
601 1824 690 1852 vero
717 1811 865 1862 Bibuli,
890 1815 1120 1865 probrorum
1148 1815 1188 1853 in
1217 1812 1325 1852 illum
1351 1816 1387 1855 ὃ(
1409 1814 1530 1855 Caesa·

250 1874 331 1914 rom
360 1874 496 1925 plena,
513 1884 591 1914 tam
616 1886 722 1914 erant
746 1876 925 1925 jucunda
925 1876 1107 1938 populo,
1125 1887 1166 1915 ut
1184 1876 1336 1924 locum,
1354 1876 1419 1915 ubi
1445 1889 1532 1926 pro-

251 1937 516 1988 ponebantur,
537 1950 611 1988 pree
634 1938 880 1978 multitudine
903 1926 1128 1989 legentium,
1144 1938 1293 1977 transire
1310 1951 1423 1977 nemo
1449 1939 1542 1989 pos-v

247 1997 314 2038 set.
355 1998 452 2037 Cum
481 1999 545 2038 ista
567 1999 731 2038 maxime
759 2000 919 2049 fierent,
951 2002 994 2041 C.
1019 2002 1232 2049 Antonium
1255 2014 1301 2040 ex
1332 2004 1531 2052 provincia

246 2061 435 2101 reversum
464 2061 699 2101 accusatores
721 2065 985 2113 corripuerunt
1016 2064 1054 2103 L.
1082 2064 1264 2103 Caninius
1293 2063 1447 2111 Gallus,
1478 2065 1528 2115 Q.

245 2124 445 2165 Maximus
471 2126 719 2172 IEmilianus,
745 2128 779 2166 ἃ*
807 2127 861 2167 Μ.
883 2127 1025 2167 Coelius
1046 2128 1259 2166 admodum
1280 2126 1527 2175 adolescens,

247 2186 351 2234 a'pud
380 2186 448 2226 Cn.
474 2185 678 2226 Lentulum
705 2186 950 2229 Clodianum.
997 2188 1254 2227 Catilinariam
1287 2187 1525 2234 conjuratio-

247 2261 336 2288 nem
366 2249 627 2298 objiciebant:
654 2262 726 2288 nec
752 2263 796 2288 co
818 2253 980 2290 crimine
1007 2251 1227 2300 εοηύἰᾶυε,
1255 2249 1304 2289 ob
1332 2249 1426 2298 alia,
1445 2261 1526 2299 quae

298 2364 318 2408 5
347 2365 400 2396 CI.
427 2363 513 2396 l‘lut.
534 2365 673 2397 sueton.
700 2365 823 2408 Vellei.
843 2365 987 2399 Diodor.
1014 2363 1116 2399 Oros.
1138 2365 1179 2407 6,
1193 2365 1369 2411 7.§C11
1389 2365 1462 2400 Cic.
1488 2365 1523 2399 in

248 2400 671 2451 Vatin.c.15.5ucton.
