1675 2959
278 158 358 211 1N
395 160 568 209 roc,
618 154 954 208 Lrss.xc1x
1006 157 1149 207 mv.
1304 168 1362 224 ῖς

76 265 181 310 uitur
196 301 206 318 ,
231 276 273 308 ut
299 267 432 308 obseffi
447 297 459 314 ‚
480 279 569 306 cum
593 266 651 305 siti
675 267 943 318 fatigarentur,
959 265 1063 305 suam
1084 268 1364 315 jumentorum*

76 332 152 382 'que
176 331 326 371 suorum
360 330 507 368 urinam
533 329 732 376 biberent3
771 328 897 366 donec
927 340 949 366 a
995 327 1180 377 Pompejo
1217 328 1366 377 accipe-1

77 402 163 432 rent
184 392 428 444 responsum
456 392 504 430 ad
529 404 669 441 quem,
699 390 831 431 audita
859 389 928 428 viri
947 388 1264 438 mansuetudine,
1291 389 1365 428 mi·

78 453 203 494 serant
228 464 415 501 oratores,
450 453 490 491 in
512 450 734 502 Pamphylia
765 460 849 489 tum
875 459 1062 500 agentem

135 514 308 554 XLVHI
339 512 433 561 Ille,
462 511 656 551 obsidibus
685 510 901 560 imperatis,
941 522 1061 548 unum
1084 520 1131 548 ex
1165 480 1298 560 legatis
1324 507 1372 549 L:

79 576 289 621 octavium
311 575 433 623 misit,
456 574 521 624 qui
548 586 613 611 eos
635 573 675 610 in
701 572 939 611 deditionem
968 572 1182 622 acciperet,
1203 570 1369 621 scripsit⁰

84 652 159 690 que
183 640 230 677 ad
260 638 461 685 civitates,
484 652 527 673 ne
556 637 643 673 dieto
671 636 852 672 audientes
877 634 1024 671 Metello
1052 635 1163 687 efflat.
1195 634 1281 674 Hoc
1310 635 1368 672 in.-

82 699 212 739 festior
238 696 418 739 Metellus
444 709 524 735 non
556 694 651 734 alios
676 703 852 742 tantum,
879 693 944 733 sed
984 695 1101 733 etiam
1138 694 1371 744 quibuscum

84 769 199 799 antea
233 759 355 798 fuerat
379 760 539 808 paetus,
564 765 629 804 ut,
651 756 874 806 priusquam
901 755 1027 793 venire
1058 756 1262 805 pompejus
1286 754 1373 806 pos*

84 820 165 870 set,
202 821 368 870 exigeret
405 819 452 858 ab
492 818 535 857 iis
570 831 704 868 poenas
740 815 983 855 contumeliae
1017 815 1117 864 suae,
1152 817 1372 867 persecutus

87 882 152 921 est.
181 883 265 922 Nee
296 881 476 920 Octavius
504 879 727 924 obsistebat,
757 877 934 925 inermis,
970 878 1005 916 &
1033 889 1112 916 non
1142 878 1191 916 ad
1229 877 1373 916 bellan-

88 944 183 983 dum
208 940 362 980 missus:
403 939 659 981 &Cornelius
680 937 859 983 Sisenna,
882 950 997 987 quem
1024 939 1228 988 Pompejus
1250 939 1374 979 Aelia-⁵

87 1006 135 1054 jae
161 1003 404 1055 praefecerat,
435 1009 589 1039 venerat
615 1002 644 1038 is
675 1000 831 1049 quidem
858 1001 897 1038 in
923 999 1072 1038 Cretam
1089 1030 1101 1045 ,
1125 1001 1160 1039 &
1183 1013 1271 1039 cum
1288 1001 1373 1041 Me,

88 1066 206 1115 tello,
222 1078 260 1104 ut
276 1066 401 1118 populi
419 1064 571 1103 Romani
595 1064 768 1102 dedititiis
785 1075 939 1115 parceret
953 1093 963 1111 ‚
980 1071 1132 1113 egerat;
1151 1061 1215 1102 sed
1236 1071 1373 1114 praeter

87 1127 301 1170 inefficacia
333 1126 470 1172 verba,
499 1124 600 1164 nihil
625 1134 706 1163 erat
727 1125 774 1164 ab
806 1135 852 1163 eo
877 1133 1081 1164 tentatum.

143 1190 289 1231 XLIX.
315 1189 472 1229 Interim
499 1190 534 1227 &
565 1186 744 1228 Metellus
770 1186 1011 1227 Eleutheram
1037 1187 1169 1226 urbem
1197 1188 1376 1239 proditon

89 1266 175 1294 rum
203 1265 318 1304 opera
341 1252 467 1301 cepit,
497 1251 564 1300 qui
592 1249 842 1294 firmissimarn
866 1262 915 1289 ex
940 1250 1121 1290 lateribus
1145 1254 1309 1301 turrim,
1331 1260 1374 1292 ut

90 1313 242 1355 facilius
263 1313 371 1364 arieti
396 1311 778 1359 cederet‚continuis
797 1309 942 1361 aliqum
958 1312 1134 1351 noftibus
1157 1321 1266 1353 aceto
1292 1326 1377 1364 per-

91 1377 283 1416 fuderant.
314 1374 478 1414 Pecunia
506 1372 570 1410 hic
591 1373 800 1423 imperata,
829 1374 986 1424 Lappan
1016 1375 1149 1424 petiit,
1179 1376 1243 1414 ubi
1266 1376 1301 1414 se
1330 1376 1375 1416 L,

96 1436 281 1476 Octavius
311 1433 524 1473 incluserat.
558 1432 764 1482 Metellus,
793 1447 882 1474 eum
909 1434 1007 1474 nihil
1033 1446 1202 1475 moratus
1219 1468 1229 1485 ‚
1253 1438 1289 1476 vi
1312 1451 1376 1477 ‹tx-

93 1496 277 1548 pugnavit
309 1495 470 1542 locum,
505 1494 744 1544 Octavioque
781 1508 860 1534 non
897 1496 973 1534 fine
1008 1497 1156 1546 probris
1197 1498 1377 1549 dimisso,

95 1571 192 1608 quos
224 1557 352 1597 secum
390 1555 574 1595 habuerat
601 1555 740 1595 Cilicas
771 1555 821 1595 ad
854 1568 975 1595 unum
1010 1571 1142 1596 omnes
1174 1559 1378 1601 interfecit<⁵

95 1623 188 1663 Hoc
211 1622 406 1672 aegerrime
433 1620 558 1658 ferens
585 1619 794 1665 Ostavffls,
831 1618 998 1658 assumtis
1028 1610 1210 1660 Sisennae'
1228 1623 1379 1672 copiis,

99 1689 219 1738 (nam
244 1684 309 1723 ille
334 1683 470 1723 morbo
497 1682 732 1731 decefferat)
755 1681 940 1721 auxilium
963 1683 1190 1732 quibusdam
1216 1685 1381 1724 Creten-

97 1747 194 1786 sium
219 1746 316 1786 tulit.
349 1746 534 1784 revocatis·
571 1744 710 1783 deinde
749 1743 848 1790 illis,
877 1744 1051 1783 Aristioni
1087 1744 1123 1783 se
1151 1748 1379 1797 conjunxit,

99 1810 350 1861 Hieropydua
370 1808 559 1848 munitum
589 1807 778 1858 oppidum
803 1809 971 1856 tenenti,
993 1809 1097 1858 quod
1116 1809 1291 1860 Cydonia
1314 1813 1380 1852 dea.

101 1874 266 1921 cedens,
291 1873 418 1919 vieto,
441 1872 505 1920 qui
530 1870 567 1910 se
596 1870 813 1919 objecerat,
837 1871 878 1910 L.
906 1871 1036 1919 Baffo,
1066 1885 1188 1922 nuper
1215 1884 1381 1924 ceperat,

156 1935 198 1975 L.
233 1935 307 1975 Sed
339 1933 405 1972 ubi
429 1932 612 1972 Metellus
637 1933 792 1971 advenit
808 1963 818 1979 ‚
845 1933 982 1973 relictis
1005 1935 1273 1985 munimentis,
1301 1951 1384 1977 ama

100 1998 154 2038 bo
193 1997 231 2036 se
269 1999 520 2046 conjecerunt
556 1996 595 2034 in
626 2007 749 2034 naves.
789 1995 841 2033 ibi
873 1997 911 2033 in
946 1996 1065 2035 altum
1093 1999 1246 2037 eveftos
1276 2008 1385 2046 atrox

102 2058 307 2110 tempestas
340 2057 499 2108 impegit
530 2056 734 2105 litoribus,
763 2057 948 2107 multique
973 2058 1166 2097 navalium
1191 2060 1385 2101 sociorum

102 2121 305 2172 naufragio
332 2119 531 2159 defiderati
553 2119 650 2158 sunt.
685 2119 742 2158 De
765 2119 822 2157 his
853 2120 963 2158 rebus
1000 2119 1183 2160 aculeatis
1216 2122 1386 2162 invicem

104 2183 272 2236 epistolis
290 2176 546 2233 imperatores
576 2182 653 2220 duo
676 2180 914 2231 scripserunt.
948 2181 1130 2221 Metellus
1147 2184 1268 2221 clatum
1293 2184 1389 2236 asem

104 2259 192 2285 natu
210 2245 592 2299 populoque-Romano
615 2245 790 2297 imperium
805 2275 815 2293 ‚
841 2245 1054 2297 gloriamque
1087 2258 1192 2283 rerum
1218 2247 1387 2299 gerenda=

156 2375 179 2421 ξ
203 2377 356 2409 XLVIII.
380 2379 489 2411 Strab.
513 2371 550 2410 l.
560 2388 612 2410 10.
634 2378 711 2411 val.
738 2378 831 2411 Max.
854 2389 894 2421 7,
916 2379 948 2411 6.
969 2377 1116 2422 Appiam.
1133 2388 1186 2422 ap
1210 2380 1305 2412 Fulv.
1329 2376 1392 2411 Ur

120 2420 180 2453 sm.
216 2422 375 2464 §XL1X.
401 2423 472 2454 Cic.
495 2434 558 2464 pro
582 2425 649 2467 leg
670 2423 934 2459 Manii.e.12
958 2424 1046 2457 Plut.
1077 2425 1110 2455 in
1134 2425 1249 2468 lomp.
1279 2437 1306 2458 e.
1334 2424 1392 2467 48

113 2465 202 2499 flor.
222 2466 363 2501 Diodor.
384 2467 531 2511 Appias

1073 2520 1107 2568 Β
1137 2537 1162 2567 2-
