1675 2959
262 119 353 176 146
419 115 511 163 JO.
552 116 1046 168 FREINSHEMII
1094 121 1451 173 SUPPLEM.

313 223 429 264 CXL.
459 224 582 264 Prima
622 227 790 276 partium
825 235 959 275 praeter
994 229 1252 279 metropolin5
1281 240 1442 282 quatuor
1478 233 1552 274 has

255 285 374 326 bebat
401 287 598 336 civitates,
621 300 703 337 quae
732 289 769 327 Sc
787 287 873 337 ipsae
897 301 1001 327 nunc
1035 291 1279 343 episcopatus
1303 294 1414 344 sunt,
1449 297 1547 336 civi-

252 354 371 386 tatem
388 348 598 388 AEduorum
612 377 622 393 ‚
646 347 723 385 hoc
744 347 796 385 est
817 348 1161 399 Augustodunum,
1185 353 1400 405 Lingonum
1419 359 1549 407 (nuno

252 411 484 462 Langrensem
525 409 774 461 episcopatum
794 409 962 463 vocant)
1002 411 1164 451 castrum
1197 416 1480 458 Matisconense
1506 421 1547 459 ὅτ,

253 470 536 511 cabillonense.
575 471 786 509 Germanias
816 473 907 510 duas
932 472 973 511 in
1007 472 1135 513 Rheni
1163 476 1244 527 ripa
1274 481 1452 520 citeriore
1477 494 1544 520 vo-

250 540 387 573 carunt
408 531 599 572 Romani:
627 532 730 583 quod
758 545 844 571 eam
873 532 1003 573 Galliae
1032 544 1180 585 partem
1212 539 1449 582 Germanicae
1475 556 1542 582 na-

250 595 378 634 tiones
408 588 636 633 insederant.
676 595 815 633 Earum
846 607 929 644 quae
962 598 1084 645 prima
1114 600 1351 651 vocabatur,
1378 617 1400 643 a
1429 608 1544 645 meri-

250 657 313 696 die
345 657 569 706 Burgundos
603 656 757 707 respicit
798 658 833 696 ἃ
873 665 1048 695 montem
1081 658 1240 708 Juram,
1274 660 1455 702 Rhenum
1491 668 1541 707 ab

248 727 334 756 ortu
355 717 495 765 habet,
518 717 567 756 ad
588 717 766 756 occasum
790 717 1062 768 Lugdunenses
1084 720 1257 761 Senones
1278 723 1424 766 colunt.
1450 727 1539 767 Me.

246 779 408 831 tropolis
434 779 524 817 huic
552 779 606 818 est
632 779 1008 829 moguntiacenfium
1043 781 1195 823 civitas:
1227 783 1412 836 reliquae,
1444 801 1542 837 prae-

247 849 307 880 ter
330 839 401 878 alia
418 840 652 890 municipia,
675 841 1069 891 Argentoratenfium,
1089 845 1301 886 Nemetum
1315 878 1325 895 ‚
1345 851 1411 899 qui
1432 863 1539 890 nunc

248 902 443 952 Spirenses
467 902 553 942 sunt
569 934 580 951 ‚
612 905 648 943 &t
672 903 918 953 Vangionum
933 935 944 952 ‚
969 905 1008 943 in
1036 919 1202 956 quorum
1228 909 1323 949 urbe
1347 910 1430 956 haec
1454 913 1543 952 scri-

248 960 464 1013 bebamus,
498 976 581 1013 quae
616 964 736 1002 hodie
763 967 946 1005 Vormatia
975 978 1157 1012 vocatur,
1185 971 1540 1024 (Borbetomagum

243 1024 356 1063 fuiffe
381 1027 615 1071 opinantur:
632 1021 649 1074 )
665 1024 700 1060 δε
723 1022 781 1060 hae
803 1035 955 1071 quoque
979 1036 1113 1064 omnes
1136 1035 1272 1076 praeter
1299 1033 1534 1083 metropolin

244 1081 613 1133 archiepiscopalem
630 1112 642 1130 ‚
667 1083 869 1133 episcopos
897 1083 984 1122 suos
1011 1085 1170 1126 habent.

321 1145 459 1185 CXLI.
498 1144 658 1184 Inferior
686 1145 891 1192 Germania
925 1145 1008 1195 post
1038 1149 1274 1200 metropolin
1303 1152 1538 1204 Coloniam,

244 1208 399 1247 civitate
421 1208 687 1257 Tungrorum,
713 1220 828 1257 quam
850 1206 972 1246 Caesar
987 1211 1199 1250 Atuaticum
1226 1223 1362 1263 vocat,
1384 1216 1537 1267 insigni=

242 1276 314 1308 tur.
341 1261 495 1317 Belgica
518 1267 743 1306 fluminibus
764 1267 951 1314 Mosella,
978 1271 1042 1319 qui
1069 1272 1104 1310 <Sc
1132 1273 1278 1312 Obrima
1304 1277 1534 1328 vocabatur,

241 1330 279 1368 ἃ
306 1329 480 1377 Sequana
514 1327 769 1375 terminatur3
809 1327 919 1368 Mosa
958 1329 1153 1370 dividitur.
1192 1332 1322 1374 Primae
1353 1335 1536 1378 Treviro-

243 1402 330 1427 rum
359 1389 411 1427 est
438 1388 570 1428 civitas
598 1388 853 1438 metropolis,
886 1404 976 1431 mox
1006 1392 1377 1447 mediomatricum,
1398 1399 1438 1438 id
1462 1401 1537 1450 est,

239 1451 382 1500 Meds,
420 1451 635 1491 Leucorum
668 1451 741 1491 sive
771 1451 913 1502 Tullo,
945 1456 980 1494 &
1004 1455 1317 1500 Verdunenfium.
1354 1462 1531 1504 Secunda

238 1515 395 1565 Belgica
428 1515 576 1554 nobiles
605 1515 778 1554 civitates
808 1516 1018 1567 antiquitus
1043 1518 1179 1558 habuit
1206 1521 1443 1565 duodecim:
1475 1528 1534 1565 ci-

240 1578 400 1616 vitatem
431 1578 640 1629 Remorum
656 1609 667 1627 ‚
694 1591 775 1629 quae
801 1591 904 1618 nunc
931 1580 1046 1620 etiam
1069 1582 1121 1620 est
1144 1585 1398 1635 metropolis3
1423 1589 1533 1628 Sues-

236 1639 395 1687 sonum‚
412 1639 731 1687 catalaunorum,
755 1640 1134 1690 veromanduorum,
1159 1644 1384 1684 Atrebatum
1405 1651 1529 1697 (nunc

236 1702 360 1742 Afras
378 1701 538 1753 vocant)
554 1701 904 1750 Cameraoenfim,
921 1703 1237 1754 Tornacenfium,
1251 1706 1529 1759 Silvaneemm,

237 1776 322 1812 quae
349 1775 451 1801 nunc
474 1761 715 1813 episcopatus
739 1764 965 1803 Senlifiensis
988 1765 1061 1814 est,
1096 1767 1409 1817 Bellovacorum,
1439 1773 1532 1811 Am-

235 1825 498 1874 bianenfinm,
529 1825 774 1865 Morinorum
802 1826 1080 1879 (Teroanenlis
1118 1828 1359 1879 episcopatus
1389 1830 1530 1872 intelli.

237 1886 369 1940 gitur)
395 1890 430 1927 δε
451 1887 746 1927 Bononienfium
762 1917 774 1933 ,
803 1887 869 1926 ubi
897 1887 1154 1928 Gefforiacum
1177 1889 1261 1929 fuit.

293 1948 449 1989 CXLII.
469 1951 525 1989 Ad
541 1950 744 1990 Oceanum
760 1949 901 1989 deinde
914 1951 1176 1990 Britannicum
1193 1952 1358 1993 secunda
1375 1954 1529 2005 Lugdu-

233 2013 384 2059 nensis,
413 2013 632 2063 Rotomago
661 2013 893 2064 metropoli,
937 2017 972 2054 δε
1003 2014 1066 2054 sex
1094 2025 1272 2066 praeterea
1304 2018 1524 2060 civitatibus

232 2073 392 2113 nobilis:
420 2074 669 2123 Bajocassium
685 2106 696 2123 ‚
724 2074 998 2124 Abricantum‚
1023 2077 1220 2126 Sajorum,
1244 2078 1526 2129 Eburonicum,

234 2133 518 2182 Lexoviorum,
545 2136 903 2177 Constantienfium.
937 2136 1105 2176 Tertiam
1133 2139 1274 2177 deinde
1295 2140 1524 2190 Lugdunen-

232 2194 313 2234 sem
331 2226 342 2244 ‚
370 2197 432 2235 cui
460 2206 578 2245 caput
613 2198 841 2246 Turonum,
882 2199 1161 2238 constituebant
1197 2200 1369 2238 civitates
1398 2202 1523 2240 Ceno.

228 2270 435 2297 manorum
461 2258 695 2312 (Mansenfis
721 2259 963 2311 episcopatus
990 2260 1135 2311 hodie)
1166 2261 1397 2300 Rhedonum
1413 2293 1423 2309 ,
1447 2264 1523 2302 An-

282 2377 304 2420 ἓ
333 2378 430 2409 CXL.
455 2377 597 2412 Diodor.
627 2379 699 2411 Cic.
732 2378 885 2410 familiar.
916 2390 974 2418 ¹4.
1000 2390 1031 2418 4.
1061 2380 1207 2425 Appian.
1241 2381 1329 2415 Plut.
1355 2380 1376 2425 S
1399 2381 1519 2418 CXLI.

235 2422 378 2457 Diodor,
399 2422 486 2456 l'lut.
512 2424 657 2467 Appian.
677 2423 750 2457 cic.
773 2423 812 2456 ud
830 2424 874 2466 Q.
893 2423 987 2457 fratr.
1007 2435 1015 2455 1
1037 2451 1043 2465 ,
1065 2435 1095 2459 2.
