<?xml version="1.0" encoding="UTF-8"?>
<!DOCTYPE html PUBLIC "-//W3C//DTD XHTML 1.0 Transitional//EN"
    "http://www.w3.org/TR/xhtml1/DTD/xhtml1-transitional.dtd">
<html xmlns="http://www.w3.org/1999/xhtml" xml:lang="en" lang="en">
 <head>
  <title>
</title>
<meta http-equiv="Content-Type" content="text/html;charset=utf-8" />
  <meta name='ocr-system' content='tesseract 3.04.00' />
  <meta name='ocr-capabilities' content='ocr_page ocr_carea ocr_par ocr_line ocrx_word'/>
</head>
<body>
  <div class='ocr_page' id='page_1' title='image "./historiarumlibri10livyuoft_0325.png"; bbox 0 0 1675 2959; ppageno 0'>
   <div class='ocr_carea' id='block_1_1' title="bbox 319 83 1395 152">
    <p class='ocr_par' dir='ltr' id='par_1_1' title="bbox 319 83 1395 152">
     <span class='ocr_line' id='line_1_1' title="bbox 319 83 1395 152; baseline 0.004 -20"><span class='ocrx_word' id='word_1_1' title='bbox 319 85 401 132; x_wconf 67' lang='lat' dir='ltr'><strong>{N</strong></span> <span class='ocrx_word' id='word_1_2' title='bbox 451 83 612 131; x_wconf 64' lang='lat' dir='ltr'><strong>roe.</strong></span> <span class='ocrx_word' id='word_1_3' title='bbox 655 85 796 131; x_wconf 68' lang='grc' dir='ltr'><strong>ΜΒ.</strong></span> <span class='ocrx_word' id='word_1_4' title='bbox 847 83 958 131; x_wconf 80' lang='lat' dir='ltr'><strong>CIX</strong></span> <span class='ocrx_word' id='word_1_5' title='bbox 1005 85 1151 132; x_wconf 75' lang='lat' dir='ltr'><strong>le.</strong></span> <span class='ocrx_word' id='word_1_6' title='bbox 1300 87 1395 152; x_wconf 77' lang='lat'><strong>289</strong></span> 
     </span>
    </p>
   </div>
   <div class='ocr_carea' id='block_1_2' title="bbox 54 188 1404 921">
    <p class='ocr_par' dir='ltr' id='par_1_2' title="bbox 109 188 1402 673">
     <span class='ocr_line' id='line_1_2' title="bbox 109 188 1397 242; baseline 0 -11"><span class='ocrx_word' id='word_1_7' title='bbox 109 198 179 231; x_wconf 70' lang='lat' dir='ltr'><strong>tur.</strong></span> <span class='ocrx_word' id='word_1_8' title='bbox 217 190 293 232; x_wconf 88' lang='lat' dir='ltr'><strong>Sed</strong></span> <span class='ocrx_word' id='word_1_9' title='bbox 326 190 390 230; x_wconf 88' lang='lat' dir='ltr'><strong>ille</strong></span> <span class='ocrx_word' id='word_1_10' title='bbox 425 190 467 231; x_wconf 92' lang='lat' dir='ltr'><strong>C.</strong></span> <span class='ocrx_word' id='word_1_11' title='bbox 498 189 681 229; x_wconf 66' lang='lat' dir='ltr'><strong>Caesarem</strong></span> <span class='ocrx_word' id='word_1_12' title='bbox 709 202 788 229; x_wconf 92' lang='lat' dir='ltr'><strong>non</strong></span> <span class='ocrx_word' id='word_1_13' title='bbox 823 188 938 229; x_wconf 83' lang='lat' dir='ltr'><strong>aliam</strong></span> <span class='ocrx_word' id='word_1_14' title='bbox 972 189 1023 230; x_wconf 90' lang='lat' dir='ltr'><strong>ob</strong></span> <span class='ocrx_word' id='word_1_15' title='bbox 1051 189 1199 229; x_wconf 85' lang='lat' dir='ltr'><strong>causam</strong></span> <span class='ocrx_word' id='word_1_16' title='bbox 1237 193 1397 242; x_wconf 88' lang='lat' dir='ltr'><strong>oderat,</strong></span> 
     </span>
     <span class='ocr_line' id='line_1_3' title="bbox 110 250 1396 303; baseline 0.002 -12"><span class='ocrx_word' id='word_1_17' title='bbox 110 264 226 302; x_wconf 78' lang='lat' dir='ltr'><strong>quam</strong></span> <span class='ocrx_word' id='word_1_18' title='bbox 253 253 339 303; x_wconf 87' lang='lat' dir='ltr'><strong>quia</strong></span> <span class='ocrx_word' id='word_1_19' title='bbox 370 260 588 291; x_wconf 82' lang='lat' dir='ltr'>contemtus</span> <span class='ocrx_word' id='word_1_20' title='bbox 615 259 696 291; x_wconf 89' lang='lat' dir='ltr'><strong>erat</strong></span> <span class='ocrx_word' id='word_1_21' title='bbox 717 252 764 292; x_wconf 86' lang='lat' dir='ltr'><strong>ab</strong></span> <span class='ocrx_word' id='word_1_22' title='bbox 791 250 973 299; x_wconf 89' lang='lat' dir='ltr'><strong>homine,</strong></span> <span class='ocrx_word' id='word_1_23' title='bbox 998 253 1064 303; x_wconf 85' lang='lat' dir='ltr'><strong>qui</strong></span> <span class='ocrx_word' id='word_1_24' title='bbox 1086 251 1251 292; x_wconf 88' lang='lat' dir='ltr'><strong>servulos</strong></span> <span class='ocrx_word' id='word_1_25' title='bbox 1277 256 1396 294; x_wconf 86' lang='lat' dir='ltr'><strong>etiam</strong></span> 
     </span>
     <span class='ocr_line' id='line_1_4' title="bbox 109 314 1394 366; baseline -0.002 -13"><span class='ocrx_word' id='word_1_26' title='bbox 109 314 342 365; x_wconf 88' lang='lat' dir='ltr'><strong>libertosque</strong></span> <span class='ocrx_word' id='word_1_27' title='bbox 367 316 588 365; x_wconf 90' lang='lat' dir='ltr'><strong>potentium</strong></span> <span class='ocrx_word' id='word_1_28' title='bbox 617 315 733 365; x_wconf 89' lang='lat' dir='ltr'><strong>paulo</strong></span> <span class='ocrx_word' id='word_1_29' title='bbox 761 315 1020 366; x_wconf 73' lang='lat' dir='ltr'><strong>gratiolioreS,</strong></span> <span class='ocrx_word' id='word_1_30' title='bbox 1044 314 1212 365; x_wconf 84' lang='lat' dir='ltr'><strong>qualibet</strong></span> <span class='ocrx_word' id='word_1_31' title='bbox 1245 316 1394 366; x_wconf 87' lang='lat' dir='ltr'><strong>impen-</strong></span> 
     </span>
     <span class='ocr_line' id='line_1_5' title="bbox 109 376 1395 428; baseline -0.001 -11"><span class='ocrx_word' id='word_1_32' title='bbox 109 377 148 417; x_wconf 86' lang='lat' dir='ltr'><strong>sa</strong></span> <span class='ocrx_word' id='word_1_33' title='bbox 173 378 238 417; x_wconf 83' lang='lat' dir='ltr'><strong>fibi</strong></span> <span class='ocrx_word' id='word_1_34' title='bbox 271 377 415 417; x_wconf 84' lang='lat' dir='ltr'>solebat</span> <span class='ocrx_word' id='word_1_35' title='bbox 446 378 666 428; x_wconf 78' lang='lat' dir='ltr'><strong>adjungere.</strong></span> <span class='ocrx_word' id='word_1_36' title='bbox 700 378 746 418; x_wconf 92' lang='lat' dir='ltr'><strong>Id</strong></span> <span class='ocrx_word' id='word_1_37' title='bbox 773 379 896 416; x_wconf 84' lang='lat' dir='ltr'><strong>acrius</strong></span> <span class='ocrx_word' id='word_1_38' title='bbox 925 377 1058 417; x_wconf 79' lang='lat' dir='ltr'><strong>urebat</strong></span> <span class='ocrx_word' id='word_1_39' title='bbox 1085 376 1395 426; x_wconf 82' lang='lat' dir='ltr'><strong>adolescentem3</strong></span> 
     </span>
     <span class='ocr_line' id='line_1_6' title="bbox 114 438 1399 491; baseline 0.001 -13"><span class='ocrx_word' id='word_1_40' title='bbox 114 440 151 479; x_wconf 71' lang='grc' dir='ltr'><strong><em>ἃ</em></strong></span> <span class='ocrx_word' id='word_1_41' title='bbox 182 439 286 489; x_wconf 88' lang='lat' dir='ltr'><strong>quod</strong></span> <span class='ocrx_word' id='word_1_42' title='bbox 324 438 584 489; x_wconf 88' lang='lat' dir='ltr'><strong>voluptatibus</strong></span> <span class='ocrx_word' id='word_1_43' title='bbox 616 447 729 489; x_wconf 87' lang='lat' dir='ltr'><strong>atque</strong></span> <span class='ocrx_word' id='word_1_44' title='bbox 762 439 1012 489; x_wconf 81' lang='lat' dir='ltr'><strong>libidinibus,</strong></span> <span class='ocrx_word' id='word_1_45' title='bbox 1055 442 1092 480; x_wconf 72' lang='lat' dir='ltr'><strong>Sc</strong></span> <span class='ocrx_word' id='word_1_46' title='bbox 1125 442 1399 491; x_wconf 80' lang='lat' dir='ltr'>comparandis</span> 
     </span>
     <span class='ocr_line' id='line_1_7' title="bbox 110 499 1401 551; baseline -0.001 -11"><span class='ocrx_word' id='word_1_47' title='bbox 110 500 372 551; x_wconf 90' lang='lat' dir='ltr'><strong>quorumlibet</strong></span> <span class='ocrx_word' id='word_1_48' title='bbox 408 501 538 540; x_wconf 86' lang='lat' dir='ltr'><strong>studiis</strong></span> <span class='ocrx_word' id='word_1_49' title='bbox 567 499 688 539; x_wconf 85' lang='lat' dir='ltr'><strong>effuso</strong></span> <span class='ocrx_word' id='word_1_50' title='bbox 718 501 974 551; x_wconf 83' lang='lat' dir='ltr'><strong>patrimonio,</strong></span> <span class='ocrx_word' id='word_1_51' title='bbox 1012 512 1197 551; x_wconf 85' lang='lat' dir='ltr'><strong>magnum</strong></span> <span class='ocrx_word' id='word_1_52' title='bbox 1231 514 1279 541; x_wconf 87' lang='lat' dir='ltr'><strong>aes</strong></span> <span class='ocrx_word' id='word_1_53' title='bbox 1312 500 1401 540; x_wconf 76' lang='lat' dir='ltr'><strong>alie-</strong></span> 
     </span>
     <span class='ocr_line' id='line_1_8' title="bbox 110 560 1402 611; baseline -0.001 -10"><span class='ocrx_word' id='word_1_54' title='bbox 110 573 206 601; x_wconf 88' lang='lat' dir='ltr'><strong>num</strong></span> <span class='ocrx_word' id='word_1_55' title='bbox 229 569 477 601; x_wconf 79' lang='lat' dir='ltr'>contraxerat.</span> <span class='ocrx_word' id='word_1_56' title='bbox 518 561 619 602; x_wconf 83' lang='lat' dir='ltr'><strong>Nam</strong></span> <span class='ocrx_word' id='word_1_57' title='bbox 637 560 848 600; x_wconf 75' lang='lat' dir='ltr'><strong>sestertium</strong></span> <span class='ocrx_word' id='word_1_58' title='bbox 871 560 1079 600; x_wconf 84' lang='lat' dir='ltr'><strong>sexcenties</strong></span> <span class='ocrx_word' id='word_1_59' title='bbox 1104 560 1310 611; x_wconf 85' lang='lat' dir='ltr'><strong>aliquando</strong></span> <span class='ocrx_word' id='word_1_60' title='bbox 1336 562 1402 601; x_wconf 81' lang='lat' dir='ltr'><strong>de-</strong></span> 
     </span>
     <span class='ocr_line' id='line_1_9' title="bbox 113 621 406 673; baseline 0.003 -12"><span class='ocrx_word' id='word_1_61' title='bbox 113 621 235 662; x_wconf 83' lang='lat' dir='ltr'><strong>buisse</strong></span> <span class='ocrx_word' id='word_1_62' title='bbox 257 623 406 673; x_wconf 87' lang='lat' dir='ltr'><strong>legitur.</strong></span> 
     </span>
    </p>

    <p class='ocr_par' dir='ltr' id='par_1_3' title="bbox 168 680 1402 736">
     <span class='ocr_line' id='line_1_10' title="bbox 168 680 1402 736; baseline -0.003 -12"><span class='ocrx_word' id='word_1_63' title='bbox 168 684 217 724; x_wconf 91' lang='lat' dir='ltr'><strong>II.</strong></span> <span class='ocrx_word' id='word_1_64' title='bbox 243 684 394 724; x_wconf 85' lang='lat' dir='ltr'><strong>Idcirco</strong></span> <span class='ocrx_word' id='word_1_65' title='bbox 414 683 554 732; x_wconf 81' lang='lat' dir='ltr'><strong>Caesar,</strong></span> <span class='ocrx_word' id='word_1_66' title='bbox 575 682 793 723; x_wconf 72' lang='lat' dir='ltr'><strong>necessitate</strong></span> <span class='ocrx_word' id='word_1_67' title='bbox 817 696 862 723; x_wconf 87' lang='lat' dir='ltr'><strong>ac</strong></span> <span class='ocrx_word' id='word_1_68' title='bbox 885 680 1043 734; x_wconf 77' lang='lat' dir='ltr'><strong>ingenio</strong></span> <span class='ocrx_word' id='word_1_69' title='bbox 1069 683 1241 723; x_wconf 83' lang='lat' dir='ltr'><strong>hominis</strong></span> <span class='ocrx_word' id='word_1_70' title='bbox 1270 685 1402 736; x_wconf 84' lang='lat' dir='ltr'><strong>cogni.</strong></span> 
     </span>
    </p>

    <p class='ocr_par' dir='ltr' id='par_1_4' title="bbox 54 745 1404 921">
     <span class='ocr_line' id='line_1_11' title="bbox 112 745 1402 797; baseline -0.001 -11"><span class='ocrx_word' id='word_1_71' title='bbox 112 754 177 795; x_wconf 83' lang='lat' dir='ltr'><strong>to,</strong></span> <span class='ocrx_word' id='word_1_72' title='bbox 202 746 376 786; x_wconf 84' lang='lat' dir='ltr'><strong>venalem</strong></span> <span class='ocrx_word' id='word_1_73' title='bbox 404 746 598 797; x_wconf 80' lang='lat' dir='ltr'><strong>linguam,</strong></span> <span class='ocrx_word' id='word_1_74' title='bbox 625 759 674 785; x_wconf 91' lang='lat' dir='ltr'><strong>ne</strong></span> <span class='ocrx_word' id='word_1_75' title='bbox 706 745 770 785; x_wconf 85' lang='lat' dir='ltr'><strong>fibi</strong></span> <span class='ocrx_word' id='word_1_76' title='bbox 801 754 983 793; x_wconf 83' lang='lat' dir='ltr'><strong>noceret,</strong></span> <span class='ocrx_word' id='word_1_77' title='bbox 1021 747 1180 785; x_wconf 86' lang='lat' dir='ltr'><strong>omnino</strong></span> <span class='ocrx_word' id='word_1_78' title='bbox 1208 748 1402 788; x_wconf 54' lang='lat' dir='ltr'><strong>redimens</strong></span> 
     </span>
     <span class='ocr_line' id='line_1_12' title="bbox 54 805 1404 857; baseline 0 -9"><span class='ocrx_word' id='word_1_79' title='bbox 54 805 71 820; x_wconf 27' lang='lat' dir='ltr'>N</span> <span class='ocrx_word' id='word_1_80' title='bbox 112 810 203 848; x_wconf 88' lang='lat' dir='ltr'><strong>dam</strong></span> <span class='ocrx_word' id='word_1_81' title='bbox 223 817 346 857; x_wconf 84' lang='lat' dir='ltr'><strong>ratus,</strong></span> <span class='ocrx_word' id='word_1_82' title='bbox 382 822 429 848; x_wconf 82' lang='lat' dir='ltr'><strong>aes</strong></span> <span class='ocrx_word' id='word_1_83' title='bbox 456 809 626 847; x_wconf 85' lang='lat' dir='ltr'><strong>alienum</strong></span> <span class='ocrx_word' id='word_1_84' title='bbox 652 809 734 857; x_wconf 84' lang='lat' dir='ltr'><strong>ejus</strong></span> <span class='ocrx_word' id='word_1_85' title='bbox 761 820 877 846; x_wconf 88' lang='lat' dir='ltr'><strong>omne</strong></span> <span class='ocrx_word' id='word_1_86' title='bbox 910 806 1100 854; x_wconf 79' lang='lat' dir='ltr'><strong>diffolvit3</strong></span> <span class='ocrx_word' id='word_1_87' title='bbox 1134 820 1257 857; x_wconf 82' lang='lat' dir='ltr'><strong>eoque</strong></span> <span class='ocrx_word' id='word_1_88' title='bbox 1288 807 1404 848; x_wconf 76' lang='lat' dir='ltr'><strong>trans-</strong></span> 
     </span>
     <span class='ocr_line' id='line_1_13' title="bbox 113 867 1402 921; baseline -0.002 -11"><span class='ocrx_word' id='word_1_89' title='bbox 113 871 222 911; x_wconf 81' lang='lat' dir='ltr'><strong>duxit</strong></span> <span class='ocrx_word' id='word_1_90' title='bbox 246 871 444 921; x_wconf 85' lang='lat' dir='ltr'><strong>ingenium</strong></span> <span class='ocrx_word' id='word_1_91' title='bbox 478 882 642 920; x_wconf 81' lang='lat' dir='ltr'><strong>nequam</strong></span> <span class='ocrx_word' id='word_1_92' title='bbox 663 898 674 915; x_wconf 90' lang='lat'><strong>,</strong></span> <span class='ocrx_word' id='word_1_93' title='bbox 711 877 753 906; x_wconf 92' lang='lat' dir='ltr'><strong>ut</strong></span> <span class='ocrx_word' id='word_1_94' title='bbox 794 867 1033 907; x_wconf 67' lang='lat' dir='ltr'><strong>simulatione</strong></span> <span class='ocrx_word' id='word_1_95' title='bbox 1067 880 1137 918; x_wconf 88' lang='lat' dir='ltr'><strong>pro</strong></span> <span class='ocrx_word' id='word_1_96' title='bbox 1176 868 1402 918; x_wconf 78' lang='lat' dir='ltr'><strong>republica,</strong></span> 
     </span>
    </p>
   </div>
   <div class='ocr_carea' id='block_1_3' title="bbox 114 928 1408 1038">
    <p class='ocr_par' dir='ltr' id='par_1_5' title="bbox 114 928 1408 1038">
     <span class='ocr_line' id='line_1_14' title="bbox 115 928 1408 982; baseline -0.006 -10"><span class='ocrx_word' id='word_1_97' title='bbox 115 941 250 972; x_wconf 86' lang='lat' dir='ltr'><strong>contra</strong></span> <span class='ocrx_word' id='word_1_98' title='bbox 281 934 510 982; x_wconf 69' lang='lat' dir='ltr'><strong>Pompeium</strong></span> <span class='ocrx_word' id='word_1_99' title='bbox 539 933 573 970; x_wconf 66' lang='grc' dir='ltr'>ἃ</span> <span class='ocrx_word' id='word_1_100' title='bbox 592 929 799 978; x_wconf 77' lang='lat' dir='ltr'><strong>Caesarem,</strong></span> <span class='ocrx_word' id='word_1_101' title='bbox 827 929 892 969; x_wconf 91' lang='lat' dir='ltr'><strong>sed</strong></span> <span class='ocrx_word' id='word_1_102' title='bbox 917 942 1043 968; x_wconf 88' lang='lat' dir='ltr'><strong>revera</strong></span> <span class='ocrx_word' id='word_1_103' title='bbox 1072 942 1141 975; x_wconf 86' lang='lat' dir='ltr'><strong>pro</strong></span> <span class='ocrx_word' id='word_1_104' title='bbox 1169 930 1311 965; x_wconf 79' lang='lat' dir='ltr'><strong>Caesare</strong></span> <span class='ocrx_word' id='word_1_105' title='bbox 1338 928 1408 967; x_wconf 82' lang='lat' dir='ltr'><strong>sta.</strong></span> 
     </span>
     <span class='ocr_line' id='line_1_15' title="bbox 114 985 1407 1038; baseline -0.001 -9"><span class='ocrx_word' id='word_1_106' title='bbox 114 999 182 1029; x_wconf 84' lang='lat' dir='ltr'><strong>ret.</strong></span> <span class='ocrx_word' id='word_1_107' title='bbox 224 989 307 1028; x_wconf 89' lang='lat' dir='ltr'><strong>Hac</strong></span> <span class='ocrx_word' id='word_1_108' title='bbox 336 1001 375 1027; x_wconf 91' lang='lat' dir='ltr'><strong>re</strong></span> <span class='ocrx_word' id='word_1_109' title='bbox 403 989 592 1038; x_wconf 62' lang='lat' dir='ltr'><strong>perfetta,</strong></span> <span class='ocrx_word' id='word_1_110' title='bbox 616 986 835 1025; x_wconf 88' lang='lat' dir='ltr'><strong>consulibus</strong></span> <span class='ocrx_word' id='word_1_111' title='bbox 858 987 900 1026; x_wconf 92' lang='lat' dir='ltr'><strong>L.</strong></span> <span class='ocrx_word' id='word_1_112' title='bbox 923 985 1081 1026; x_wconf 82' lang='lat' dir='ltr'><strong>AEmilio</strong></span> <span class='ocrx_word' id='word_1_113' title='bbox 1109 986 1163 1026; x_wconf 87' lang='lat' dir='ltr'><strong>M.</strong></span> <span class='ocrx_word' id='word_1_114' title='bbox 1190 987 1228 1027; x_wconf 82' lang='lat' dir='ltr'><strong>F.</strong></span> <span class='ocrx_word' id='word_1_115' title='bbox 1253 989 1407 1038; x_wconf 78' lang='lat' dir='ltr'><strong>Paullo,</strong></span> 
     </span>
    </p>
   </div>
   <div class='ocr_carea' id='block_1_4' title="bbox 115 1048 1435 2277">
    <p class='ocr_par' dir='ltr' id='par_1_6' title="bbox 115 1048 1412 1534">
     <span class='ocr_line' id='line_1_16' title="bbox 117 1048 1407 1097; baseline -0.001 -5"><span class='ocrx_word' id='word_1_116' title='bbox 117 1052 161 1093; x_wconf 91' lang='lat' dir='ltr'><strong>C.</strong></span> <span class='ocrx_word' id='word_1_117' title='bbox 179 1050 343 1092; x_wconf 87' lang='lat' dir='ltr'><strong>Claudio</strong></span> <span class='ocrx_word' id='word_1_118' title='bbox 368 1051 410 1090; x_wconf 85' lang='lat' dir='ltr'><strong>C.</strong></span> <span class='ocrx_word' id='word_1_119' title='bbox 432 1050 472 1090; x_wconf 84' lang='lat' dir='ltr'><strong>F.</strong></span> <span class='ocrx_word' id='word_1_120' title='bbox 491 1049 681 1090; x_wconf 81' lang='lat' dir='ltr'><strong>Marcello</strong></span> <span class='ocrx_word' id='word_1_121' title='bbox 696 1081 706 1097; x_wconf 87' lang='lat'><strong>,</strong></span> <span class='ocrx_word' id='word_1_122' title='bbox 720 1049 873 1089; x_wconf 85' lang='lat' dir='ltr'><strong>easdem</strong></span> <span class='ocrx_word' id='word_1_123' title='bbox 893 1048 1091 1089; x_wconf 81' lang='lat' dir='ltr'><strong>machinas</strong></span> <span class='ocrx_word' id='word_1_124' title='bbox 1114 1050 1299 1090; x_wconf 86' lang='lat' dir='ltr'><strong>admovit.</strong></span> <span class='ocrx_word' id='word_1_125' title='bbox 1328 1053 1407 1092; x_wconf 88' lang='lat' dir='ltr'><strong>Sed</strong></span> 
     </span>
     <span class='ocr_line' id='line_1_17' title="bbox 115 1110 1410 1162; baseline -0.002 -11"><span class='ocrx_word' id='word_1_126' title='bbox 115 1112 304 1156; x_wconf 83' lang='lat' dir='ltr'><strong>Marcello</strong></span> <span class='ocrx_word' id='word_1_127' title='bbox 338 1112 494 1162; x_wconf 85' lang='lat' dir='ltr'><strong>quidem</strong></span> <span class='ocrx_word' id='word_1_128' title='bbox 523 1111 631 1151; x_wconf 84' lang='lat' dir='ltr'><strong>firma</strong></span> <span class='ocrx_word' id='word_1_129' title='bbox 666 1110 841 1150; x_wconf 87' lang='lat' dir='ltr'><strong>adversus</strong></span> <span class='ocrx_word' id='word_1_130' title='bbox 875 1112 1082 1161; x_wconf 88' lang='lat' dir='ltr'><strong>pecuniam</strong></span> <span class='ocrx_word' id='word_1_131' title='bbox 1119 1111 1287 1150; x_wconf 86' lang='lat' dir='ltr'><strong>constitit</strong></span> <span class='ocrx_word' id='word_1_132' title='bbox 1313 1113 1410 1152; x_wconf 85' lang='lat' dir='ltr'><strong>inte..</strong></span> 
     </span>
     <span class='ocr_line' id='line_1_18' title="bbox 117 1172 1410 1226; baseline -0.001 -12"><span class='ocrx_word' id='word_1_133' title='bbox 117 1175 253 1226; x_wconf 84' lang='lat' dir='ltr'><strong>gritas:</strong></span> <span class='ocrx_word' id='word_1_134' title='bbox 281 1173 430 1214; x_wconf 78' lang='lat' dir='ltr'><strong>Paullus</strong></span> <span class='ocrx_word' id='word_1_135' title='bbox 457 1173 641 1213; x_wconf 64' lang='lat' dir='ltr'><strong>haetenus</strong></span> <span class='ocrx_word' id='word_1_136' title='bbox 667 1173 812 1220; x_wconf 75' lang='lat' dir='ltr'><strong>flexus,</strong></span> <span class='ocrx_word' id='word_1_137' title='bbox 841 1182 884 1211; x_wconf 89' lang='lat' dir='ltr'><strong>ut</strong></span> <span class='ocrx_word' id='word_1_138' title='bbox 907 1172 1093 1212; x_wconf 83' lang='lat' dir='ltr'><strong>adversari</strong></span> <span class='ocrx_word' id='word_1_139' title='bbox 1113 1173 1322 1222; x_wconf 73' lang='lat' dir='ltr'><strong>desineret,</strong></span> <span class='ocrx_word' id='word_1_140' title='bbox 1347 1185 1410 1213; x_wconf 84' lang='lat' dir='ltr'><strong>ac-</strong></span> 
     </span>
     <span class='ocr_line' id='line_1_19' title="bbox 119 1233 1412 1286; baseline -0.003 -11"><span class='ocrx_word' id='word_1_141' title='bbox 119 1244 271 1286; x_wconf 82' lang='lat' dir='ltr'><strong>ceptam</strong></span> <span class='ocrx_word' id='word_1_142' title='bbox 310 1235 556 1282; x_wconf 85' lang='lat' dir='ltr'><strong>mercedem,</strong></span> <span class='ocrx_word' id='word_1_143' title='bbox 588 1233 801 1284; x_wconf 82' lang='lat' dir='ltr'><strong>septuagies</strong></span> <span class='ocrx_word' id='word_1_144' title='bbox 837 1234 1043 1284; x_wconf 87' lang='lat' dir='ltr'><strong>quinquies</strong></span> <span class='ocrx_word' id='word_1_145' title='bbox 1078 1234 1314 1283; x_wconf 64' lang='lat' dir='ltr'><strong>sestertium,</strong></span> <span class='ocrx_word' id='word_1_146' title='bbox 1345 1237 1412 1276; x_wconf 88' lang='lat' dir='ltr'><strong>ba-</strong></span> 
     </span>
     <span class='ocr_line' id='line_1_20' title="bbox 116 1295 1410 1347; baseline -0.001 -9"><span class='ocrx_word' id='word_1_147' title='bbox 116 1297 229 1338; x_wconf 83' lang='lat' dir='ltr'><strong>filicae</strong></span> <span class='ocrx_word' id='word_1_148' title='bbox 253 1296 326 1335; x_wconf 87' lang='lat' dir='ltr'><strong>suae</strong></span> <span class='ocrx_word' id='word_1_149' title='bbox 357 1295 571 1347; x_wconf 85' lang='lat' dir='ltr'><strong>impendit,</strong></span> <span class='ocrx_word' id='word_1_150' title='bbox 597 1308 711 1345; x_wconf 88' lang='lat' dir='ltr'><strong>quarn</strong></span> <span class='ocrx_word' id='word_1_151' title='bbox 740 1295 822 1345; x_wconf 90' lang='lat' dir='ltr'><strong>post</strong></span> <span class='ocrx_word' id='word_1_152' title='bbox 845 1296 933 1334; x_wconf 83' lang='lat' dir='ltr'><strong>anni</strong></span> <span class='ocrx_word' id='word_1_153' title='bbox 960 1295 1148 1346; x_wconf 86' lang='lat' dir='ltr'><strong>sequentis</strong></span> <span class='ocrx_word' id='word_1_154' title='bbox 1183 1298 1410 1338; x_wconf 83' lang='lat' dir='ltr'><strong>incendium</strong></span> 
     </span>
     <span class='ocr_line' id='line_1_21' title="bbox 119 1356 1409 1410; baseline -0.004 -10"><span class='ocrx_word' id='word_1_155' title='bbox 119 1362 226 1410; x_wconf 82' lang='lat' dir='ltr'><strong>juxta</strong></span> <span class='ocrx_word' id='word_1_156' title='bbox 249 1358 376 1398; x_wconf 80' lang='lat' dir='ltr'><strong>forum</strong></span> <span class='ocrx_word' id='word_1_157' title='bbox 400 1357 598 1405; x_wconf 80' lang='lat' dir='ltr'><strong>exstruxit,</strong></span> <span class='ocrx_word' id='word_1_158' title='bbox 616 1370 692 1407; x_wconf 33' lang='lat' dir='ltr'><strong>qſsuo</strong></span> <span class='ocrx_word' id='word_1_159' title='bbox 714 1356 804 1396; x_wconf 87' lang='lat' dir='ltr'><strong>loco</strong></span> <span class='ocrx_word' id='word_1_160' title='bbox 826 1357 930 1407; x_wconf 89' lang='lat' dir='ltr'><strong>prius</strong></span> <span class='ocrx_word' id='word_1_161' title='bbox 953 1357 1085 1398; x_wconf 86' lang='lat' dir='ltr'><strong>Fulvia</strong></span> <span class='ocrx_word' id='word_1_162' title='bbox 1105 1356 1284 1407; x_wconf 59' lang='lat' dir='ltr'><strong>steterat,</strong></span> <span class='ocrx_word' id='word_1_163' title='bbox 1316 1373 1409 1410; x_wconf 80' lang='lat' dir='ltr'><strong>qua-</strong></span> 
     </span>
     <span class='ocr_line' id='line_1_22' title="bbox 119 1419 1411 1473; baseline 0.001 -11"><span class='ocrx_word' id='word_1_164' title='bbox 119 1423 146 1462; x_wconf 87' lang='lat' dir='ltr'>fi</span> <span class='ocrx_word' id='word_1_165' title='bbox 175 1422 378 1473; x_wconf 86' lang='lat' dir='ltr'><strong>perituram</strong></span> <span class='ocrx_word' id='word_1_166' title='bbox 402 1421 555 1459; x_wconf 90' lang='lat' dir='ltr'><strong>timeret</strong></span> <span class='ocrx_word' id='word_1_167' title='bbox 579 1419 729 1470; x_wconf 84' lang='lat' dir='ltr'><strong>peffimi</strong></span> <span class='ocrx_word' id='word_1_168' title='bbox 756 1420 937 1459; x_wconf 85' lang='lat' dir='ltr'><strong>facinoris</strong></span> <span class='ocrx_word' id='word_1_169' title='bbox 967 1423 1220 1473; x_wconf 86' lang='lat' dir='ltr'><strong>memoriam,</strong></span> <span class='ocrx_word' id='word_1_170' title='bbox 1250 1424 1411 1463; x_wconf 71' lang='lat' dir='ltr'><strong>nisiad-</strong></span> 
     </span>
     <span class='ocr_line' id='line_1_23' title="bbox 120 1481 1117 1534; baseline -0.003 -10"><span class='ocrx_word' id='word_1_171' title='bbox 120 1485 287 1525; x_wconf 84' lang='lat' dir='ltr'><strong>mirandi</strong></span> <span class='ocrx_word' id='word_1_172' title='bbox 314 1484 442 1534; x_wconf 85' lang='lat' dir='ltr'><strong>operis</strong></span> <span class='ocrx_word' id='word_1_173' title='bbox 472 1483 718 1522; x_wconf 84' lang='lat' dir='ltr'><strong>dedicatione</strong></span> <span class='ocrx_word' id='word_1_174' title='bbox 751 1481 1043 1524; x_wconf 87' lang='lat' dir='ltr'><strong>consecraretur.</strong></span> <span class='ocrx_word' id='word_1_175' title='bbox 1114 1520 1117 1521; x_wconf 13' lang='grc' dir='ltr'><em>γ</em></span> 
     </span>
    </p>

    <p class='ocr_par' dir='ltr' id='par_1_7' title="bbox 121 1543 1435 2277">
     <span class='ocr_line' id='line_1_24' title="bbox 183 1543 1413 1595; baseline 0 -8"><span class='ocrx_word' id='word_1_176' title='bbox 183 1546 253 1587; x_wconf 93' lang='lat' dir='ltr'>III.</span> <span class='ocrx_word' id='word_1_177' title='bbox 285 1546 357 1585; x_wconf 89' lang='lat' dir='ltr'><strong>His</strong></span> <span class='ocrx_word' id='word_1_178' title='bbox 391 1543 612 1584; x_wconf 84' lang='lat' dir='ltr'><strong>consulibus</strong></span> <span class='ocrx_word' id='word_1_179' title='bbox 649 1544 738 1584; x_wconf 87' lang='lat' dir='ltr'><strong>lana</strong></span> <span class='ocrx_word' id='word_1_180' title='bbox 775 1543 874 1595; x_wconf 87' lang='lat' dir='ltr'><strong>pluit</strong></span> <span class='ocrx_word' id='word_1_181' title='bbox 910 1547 1012 1584; x_wconf 86' lang='lat' dir='ltr'><strong>circa</strong></span> <span class='ocrx_word' id='word_1_182' title='bbox 1045 1545 1240 1586; x_wconf 87' lang='lat' dir='ltr'><strong>castellum</strong></span> <span class='ocrx_word' id='word_1_183' title='bbox 1273 1545 1413 1587; x_wconf 62' lang='lat' dir='ltr'><strong>Cossa-a</strong></span> 
     </span>
     <span class='ocr_line' id='line_1_25' title="bbox 121 1604 1412 1659; baseline -0.003 -11"><span class='ocrx_word' id='word_1_184' title='bbox 121 1621 241 1656; x_wconf 86' lang='lat' dir='ltr'><strong>num,</strong></span> <span class='ocrx_word' id='word_1_185' title='bbox 262 1606 328 1646; x_wconf 92' lang='lat' dir='ltr'><strong>ubi</strong></span> <span class='ocrx_word' id='word_1_186' title='bbox 353 1605 431 1645; x_wconf 87' lang='lat' dir='ltr'><strong>loci</strong></span> <span class='ocrx_word' id='word_1_187' title='bbox 459 1618 537 1644; x_wconf 87' lang='lat' dir='ltr'><strong>non</strong></span> <span class='ocrx_word' id='word_1_188' title='bbox 561 1604 684 1644; x_wconf 90' lang='lat' dir='ltr'><strong>multo</strong></span> <span class='ocrx_word' id='word_1_189' title='bbox 712 1607 794 1656; x_wconf 86' lang='lat' dir='ltr'><strong>post</strong></span> <span class='ocrx_word' id='word_1_190' title='bbox 818 1606 968 1645; x_wconf 82' lang='lat' dir='ltr'><strong>occisus</strong></span> <span class='ocrx_word' id='word_1_191' title='bbox 993 1607 1046 1646; x_wconf 87' lang='lat' dir='ltr'><strong>est</strong></span> <span class='ocrx_word' id='word_1_192' title='bbox 1067 1607 1192 1648; x_wconf 85' lang='lat' dir='ltr'><strong>Milo:</strong></span> <span class='ocrx_word' id='word_1_193' title='bbox 1218 1608 1322 1647; x_wconf 90' lang='lat' dir='ltr'><strong>mula</strong></span> <span class='ocrx_word' id='word_1_194' title='bbox 1345 1622 1412 1659; x_wconf 83' lang='lat' dir='ltr'><strong>pa.</strong></span> 
     </span>
     <span class='ocr_line' id='line_1_26' title="bbox 122 1663 1413 1724; baseline -0.002 -14"><span class='ocrx_word' id='word_1_195' title='bbox 122 1672 247 1724; x_wconf 71' lang='lat' dir='ltr'><strong>tiens,</strong></span> <span class='ocrx_word' id='word_1_196' title='bbox 271 1663 465 1708; x_wconf 83' lang='lat' dir='ltr'><strong>bonorum</strong></span> <span class='ocrx_word' id='word_1_197' title='bbox 490 1668 712 1715; x_wconf 82' lang='lat' dir='ltr'><strong>interitum,</strong></span> <span class='ocrx_word' id='word_1_198' title='bbox 736 1669 990 1708; x_wconf 87' lang='lat' dir='ltr'><strong>mutationem</strong></span> <span class='ocrx_word' id='word_1_199' title='bbox 1015 1669 1168 1720; x_wconf 85' lang='lat' dir='ltr'><strong>legum,</strong></span> <span class='ocrx_word' id='word_1_200' title='bbox 1188 1679 1320 1721; x_wconf 83' lang='lat' dir='ltr'><strong>turpes</strong></span> <span class='ocrx_word' id='word_1_201' title='bbox 1333 1684 1413 1710; x_wconf 78' lang='lat' dir='ltr'><strong>ma-</strong></span> 
     </span>
     <span class='ocr_line' id='line_1_27' title="bbox 125 1729 1414 1783; baseline -0.001 -10"><span class='ocrx_word' id='word_1_202' title='bbox 125 1742 321 1773; x_wconf 82' lang='lat' dir='ltr'><strong>tronarum</strong></span> <span class='ocrx_word' id='word_1_203' title='bbox 349 1742 480 1783; x_wconf 84' lang='lat' dir='ltr'><strong>partus</strong></span> <span class='ocrx_word' id='word_1_204' title='bbox 504 1729 724 1782; x_wconf 84' lang='lat' dir='ltr'><strong>fignificaffe</strong></span> <span class='ocrx_word' id='word_1_205' title='bbox 756 1733 901 1771; x_wconf 84' lang='lat' dir='ltr'><strong>credita</strong></span> <span class='ocrx_word' id='word_1_206' title='bbox 933 1732 996 1772; x_wconf 90' lang='lat' dir='ltr'><strong>est.</strong></span> <span class='ocrx_word' id='word_1_207' title='bbox 1031 1732 1098 1772; x_wconf 88' lang='lat' dir='ltr'><strong>sed</strong></span> <span class='ocrx_word' id='word_1_208' title='bbox 1123 1746 1202 1772; x_wconf 91' lang='lat' dir='ltr'><strong>non</strong></span> <span class='ocrx_word' id='word_1_209' title='bbox 1226 1741 1307 1772; x_wconf 88' lang='lat' dir='ltr'><strong>erat</strong></span> <span class='ocrx_word' id='word_1_210' title='bbox 1328 1747 1414 1783; x_wconf 87' lang='lat' dir='ltr'><strong>pro-</strong></span> 
     </span>
     <span class='ocr_line' id='line_1_28' title="bbox 128 1791 1414 1847; baseline -0.002 -12"><span class='ocrx_word' id='word_1_211' title='bbox 128 1797 242 1847; x_wconf 86' lang='lat' dir='ltr'><strong>digiis</strong></span> <span class='ocrx_word' id='word_1_212' title='bbox 269 1808 389 1846; x_wconf 81' lang='lat' dir='ltr'><strong>opuS,</strong></span> <span class='ocrx_word' id='word_1_213' title='bbox 415 1807 506 1834; x_wconf 87' lang='lat' dir='ltr'><strong>cum</strong></span> <span class='ocrx_word' id='word_1_214' title='bbox 532 1791 700 1844; x_wconf 83' lang='lat' dir='ltr'><strong>pericula</strong></span> <span class='ocrx_word' id='word_1_215' title='bbox 731 1795 768 1832; x_wconf 73' lang='grc' dir='ltr'><strong>δε</strong></span> <span class='ocrx_word' id='word_1_216' title='bbox 799 1792 983 1832; x_wconf 87' lang='lat' dir='ltr'><strong>libertatis</strong></span> <span class='ocrx_word' id='word_1_217' title='bbox 1012 1793 1187 1833; x_wconf 87' lang='lat' dir='ltr'><strong>interitus</strong></span> <span class='ocrx_word' id='word_1_218' title='bbox 1215 1795 1293 1843; x_wconf 81' lang='lat' dir='ltr'><strong>jam</strong></span> <span class='ocrx_word' id='word_1_219' title='bbox 1321 1807 1414 1834; x_wconf 90' lang='lat' dir='ltr'><strong>ocu-</strong></span> 
     </span>
     <span class='ocr_line' id='line_1_29' title="bbox 125 1854 1414 1903; baseline -0.002 -6"><span class='ocrx_word' id='word_1_220' title='bbox 125 1857 174 1897; x_wconf 83' lang='lat' dir='ltr'><strong>lis</strong></span> <span class='ocrx_word' id='word_1_221' title='bbox 206 1857 411 1897; x_wconf 87' lang='lat' dir='ltr'><strong>hominum</strong></span> <span class='ocrx_word' id='word_1_222' title='bbox 441 1855 739 1895; x_wconf 86' lang='lat' dir='ltr'><strong>obversarentur.</strong></span> <span class='ocrx_word' id='word_1_223' title='bbox 775 1854 1023 1903; x_wconf 69' lang='lat' dir='ltr'><strong>Quotidianae</strong></span> <span class='ocrx_word' id='word_1_224' title='bbox 1059 1854 1162 1893; x_wconf 85' lang='lat' dir='ltr'><strong>enim</strong></span> <span class='ocrx_word' id='word_1_225' title='bbox 1194 1855 1242 1893; x_wconf 91' lang='lat' dir='ltr'><strong>de</strong></span> <span class='ocrx_word' id='word_1_226' title='bbox 1267 1854 1414 1894; x_wconf 90' lang='lat' dir='ltr'><strong>succes-</strong></span> 
     </span>
     <span class='ocr_line' id='line_1_30' title="bbox 125 1913 1412 1965; baseline -0.002 -7"><span class='ocrx_word' id='word_1_227' title='bbox 125 1919 230 1958; x_wconf 70' lang='lat' dir='ltr'><strong>sione</strong></span> <span class='ocrx_word' id='word_1_228' title='bbox 264 1917 415 1958; x_wconf 80' lang='lat' dir='ltr'><strong>Caesaris</strong></span> <span class='ocrx_word' id='word_1_229' title='bbox 446 1916 713 1955; x_wconf 87' lang='lat' dir='ltr'><strong>contentiones</strong></span> <span class='ocrx_word' id='word_1_230' title='bbox 749 1923 880 1954; x_wconf 86' lang='lat' dir='ltr'><strong>erant:</strong></span> <span class='ocrx_word' id='word_1_231' title='bbox 910 1927 998 1954; x_wconf 89' lang='lat' dir='ltr'><strong>cum</strong></span> <span class='ocrx_word' id='word_1_232' title='bbox 1029 1913 1204 1953; x_wconf 83' lang='lat' dir='ltr'><strong>adversus</strong></span> <span class='ocrx_word' id='word_1_233' title='bbox 1237 1914 1412 1965; x_wconf 88' lang='lat' dir='ltr'><strong>Pompeji</strong></span> 
     </span>
     <span class='ocr_line' id='line_1_31' title="bbox 124 1975 1435 2031; baseline -0.003 -12"><span class='ocrx_word' id='word_1_234' title='bbox 124 1978 426 2031; x_wconf 83' lang='lat' dir='ltr'><strong>potentiffimam</strong></span> <span class='ocrx_word' id='word_1_235' title='bbox 456 1979 687 2026; x_wconf 67' lang='lat' dir='ltr'><strong>faetionem,</strong></span> <span class='ocrx_word' id='word_1_236' title='bbox 718 1976 783 2016; x_wconf 90' lang='lat' dir='ltr'><strong>ille</strong></span> <span class='ocrx_word' id='word_1_237' title='bbox 808 1975 911 2015; x_wconf 85' lang='lat' dir='ltr'><strong>haud</strong></span> <span class='ocrx_word' id='word_1_238' title='bbox 944 1977 1091 2015; x_wconf 88' lang='lat' dir='ltr'><strong>minore</strong></span> <span class='ocrx_word' id='word_1_239' title='bbox 1113 1975 1251 2015; x_wconf 88' lang='lat' dir='ltr'><strong>robore</strong></span> <span class='ocrx_word' id='word_1_240' title='bbox 1275 1976 1435 2015; x_wconf 80' lang='lat' dir='ltr'><strong>1·es1ste-&#39;</strong></span> 
     </span>
     <span class='ocr_line' id='line_1_32' title="bbox 129 2037 1416 2091; baseline -0.004 -10"><span class='ocrx_word' id='word_1_241' title='bbox 129 2050 209 2090; x_wconf 80' lang='lat' dir='ltr'><strong>ret3</strong></span> <span class='ocrx_word' id='word_1_242' title='bbox 239 2054 364 2091; x_wconf 89' lang='lat' dir='ltr'><strong>neque</strong></span> <span class='ocrx_word' id='word_1_243' title='bbox 393 2041 478 2091; x_wconf 89' lang='lat' dir='ltr'><strong>plus</strong></span> <span class='ocrx_word' id='word_1_244' title='bbox 504 2040 558 2078; x_wconf 91' lang='lat' dir='ltr'><strong>illi</strong></span> <span class='ocrx_word' id='word_1_245' title='bbox 585 2039 822 2090; x_wconf 78' lang='lat' dir='ltr'><strong>prodessent,</strong></span> <span class='ocrx_word' id='word_1_246' title='bbox 851 2040 917 2090; x_wconf 88' lang='lat' dir='ltr'><strong>qui</strong></span> <span class='ocrx_word' id='word_1_247' title='bbox 941 2039 1150 2077; x_wconf 83' lang='lat' dir='ltr'><strong>amicitiam</strong></span> <span class='ocrx_word' id='word_1_248' title='bbox 1179 2037 1416 2088; x_wconf 61' lang='lat' dir='ltr'><strong>profiteban,</strong></span> 
     </span>
     <span class='ocr_line' id='line_1_33' title="bbox 128 2099 1417 2154; baseline -0.003 -12"><span class='ocrx_word' id='word_1_249' title='bbox 128 2111 213 2152; x_wconf 84' lang='lat' dir='ltr'><strong>tur,</strong></span> <span class='ocrx_word' id='word_1_250' title='bbox 245 2117 360 2154; x_wconf 79' lang='lat' dir='ltr'><strong>quam</strong></span> <span class='ocrx_word' id='word_1_251' title='bbox 387 2105 453 2154; x_wconf 88' lang='lat' dir='ltr'><strong>qui</strong></span> <span class='ocrx_word' id='word_1_252' title='bbox 478 2102 704 2141; x_wconf 75' lang='lat' dir='ltr'><strong>simulabant</strong></span> <span class='ocrx_word' id='word_1_253' title='bbox 733 2103 881 2140; x_wconf 90' lang='lat' dir='ltr'><strong>odium.</strong></span> <span class='ocrx_word' id='word_1_254' title='bbox 926 2101 1045 2149; x_wconf 89' lang='lat' dir='ltr'><strong>Cujus</strong></span> <span class='ocrx_word' id='word_1_255' title='bbox 1075 2101 1131 2139; x_wconf 89' lang='lat' dir='ltr'><strong>rei</strong></span> <span class='ocrx_word' id='word_1_256' title='bbox 1159 2099 1329 2139; x_wconf 87' lang='lat' dir='ltr'><strong>summus</strong></span> <span class='ocrx_word' id='word_1_257' title='bbox 1360 2113 1417 2139; x_wconf 88' lang='lat' dir='ltr'><strong>ar-</strong></span> 
     </span>
     <span class='ocr_line' id='line_1_34' title="bbox 129 2162 1418 2214; baseline -0.004 -9"><span class='ocrx_word' id='word_1_258' title='bbox 129 2166 225 2205; x_wconf 81' lang='lat' dir='ltr'><strong>tifex</strong></span> <span class='ocrx_word' id='word_1_259' title='bbox 255 2165 374 2205; x_wconf 88' lang='lat' dir='ltr'><strong>Curio</strong></span> <span class='ocrx_word' id='word_1_260' title='bbox 408 2165 626 2204; x_wconf 80' lang='lat' dir='ltr'><strong>minabatur</strong></span> <span class='ocrx_word' id='word_1_261' title='bbox 655 2165 695 2203; x_wconf 87' lang='lat' dir='ltr'><strong>in</strong></span> <span class='ocrx_word' id='word_1_262' title='bbox 728 2163 894 2214; x_wconf 89' lang='lat' dir='ltr'><strong>speciem</strong></span> <span class='ocrx_word' id='word_1_263' title='bbox 924 2162 1082 2211; x_wconf 86' lang='lat' dir='ltr'><strong>Caesari,</strong></span> <span class='ocrx_word' id='word_1_264' title='bbox 1120 2162 1274 2201; x_wconf 82' lang='lat' dir='ltr'><strong>confilia</strong></span> <span class='ocrx_word' id='word_1_265' title='bbox 1308 2175 1418 2200; x_wconf 86' lang='lat' dir='ltr'><strong>com-</strong></span> 
     </span>
     <span class='ocr_line' id='line_1_35' title="bbox 131 2219 1418 2277; baseline -0.005 -11"><span class='ocrx_word' id='word_1_266' title='bbox 131 2227 354 2266; x_wconf 85' lang='lat' dir='ltr'><strong>municabat</strong></span> <span class='ocrx_word' id='word_1_267' title='bbox 384 2238 475 2266; x_wconf 87' lang='lat' dir='ltr'><strong>cum</strong></span> <span class='ocrx_word' id='word_1_268' title='bbox 498 2226 761 2277; x_wconf 83' lang='lat' dir='ltr'><strong>Pompejanis:</strong></span> <span class='ocrx_word' id='word_1_269' title='bbox 793 2227 830 2266; x_wconf 70' lang='lat' dir='ltr'><strong>Sc</strong></span> <span class='ocrx_word' id='word_1_270' title='bbox 854 2235 898 2265; x_wconf 91' lang='lat' dir='ltr'><strong>ut</strong></span> <span class='ocrx_word' id='word_1_271' title='bbox 922 2219 1077 2265; x_wconf 84' lang='lat' dir='ltr'><strong>illorum</strong></span> <span class='ocrx_word' id='word_1_272' title='bbox 1104 2223 1334 2275; x_wconf 85' lang='lat' dir='ltr'><strong>perdisceret</strong></span> <span class='ocrx_word' id='word_1_273' title='bbox 1361 2225 1418 2261; x_wconf 88' lang='lat' dir='ltr'><strong>in-</strong></span> 
     </span>
    </p>
   </div>
   <div class='ocr_carea' id='block_1_5' title="bbox 139 2339 1418 2432">
    <p class='ocr_par' dir='ltr' id='par_1_8' title="bbox 139 2339 1418 2432">
     <span class='ocr_line' id='line_1_36' title="bbox 181 2339 1418 2387; baseline -0.001 -13"><span class='ocrx_word' id='word_1_274' title='bbox 181 2343 253 2387; x_wconf 78' lang='lat' dir='ltr'><strong>§L</strong></span> <span class='ocrx_word' id='word_1_275' title='bbox 276 2342 419 2376; x_wconf 80' lang='lat' dir='ltr'><strong>Diodor.</strong></span> <span class='ocrx_word' id='word_1_276' title='bbox 445 2342 521 2375; x_wconf 76' lang='lat' dir='ltr'><strong>Liv.</strong></span> <span class='ocrx_word' id='word_1_277' title='bbox 553 2344 600 2386; x_wconf 88' lang='lat' dir='ltr'><strong>Ep</strong></span> <span class='ocrx_word' id='word_1_278' title='bbox 605 2343 643 2376; x_wconf 84' lang='lat' dir='ltr'><strong>it.</strong></span> <span class='ocrx_word' id='word_1_279' title='bbox 674 2343 747 2375; x_wconf 83' lang='lat' dir='ltr'><strong>Cic.</strong></span> <span class='ocrx_word' id='word_1_280' title='bbox 771 2342 925 2376; x_wconf 67' lang='lat' dir='ltr'><strong>familiar.</strong></span> <span class='ocrx_word' id='word_1_281' title='bbox 954 2342 993 2382; x_wconf 84' lang='grc'>8</span> <span class='ocrx_word' id='word_1_282' title='bbox 1020 2353 1051 2383; x_wconf 84' lang='grc'><strong>4.</strong></span> <span class='ocrx_word' id='word_1_283' title='bbox 1088 2342 1108 2385; x_wconf 82' lang='lat'>§</span> <span class='ocrx_word' id='word_1_284' title='bbox 1144 2341 1186 2374; x_wconf 78' lang='lat'><strong>11,</strong></span> <span class='ocrx_word' id='word_1_285' title='bbox 1216 2341 1345 2374; x_wconf 76' lang='lat' dir='ltr'><strong>Sueten</strong></span> <span class='ocrx_word' id='word_1_286' title='bbox 1350 2339 1418 2375; x_wconf 72' lang='lat' dir='ltr'><strong>‚in</strong></span> 
     </span>
     <span class='ocr_line' id='line_1_37' title="bbox 139 2386 885 2432; baseline 0 -12"><span class='ocrx_word' id='word_1_287' title='bbox 139 2386 225 2420; x_wconf 74' lang='lat' dir='ltr'><strong>Caes.</strong></span> <span class='ocrx_word' id='word_1_288' title='bbox 256 2399 287 2419; x_wconf 90' lang='lat' dir='ltr'><strong>c.</strong></span> <span class='ocrx_word' id='word_1_289' title='bbox 320 2399 372 2429; x_wconf 71' lang='lat'><strong>2.9</strong></span> <span class='ocrx_word' id='word_1_290' title='bbox 402 2388 546 2420; x_wconf 86' lang='lat' dir='ltr'><strong>D³..odor</strong></span> <span class='ocrx_word' id='word_1_291' title='bbox 570 2388 766 2423; x_wconf 73' lang='lat' dir='ltr'><strong>Va1.Max.</strong></span> <span class='ocrx_word' id='word_1_292' title='bbox 790 2398 832 2432; x_wconf 88' lang='grc'><strong>9,</strong></span> <span class='ocrx_word' id='word_1_293' title='bbox 857 2400 885 2421; x_wconf 72' lang='lat' dir='ltr'><strong>r.</strong></span> 
     </span>
    </p>
   </div>
   <div class='ocr_carea' id='block_1_6' title="bbox 202 2438 1175 2492">
    <p class='ocr_par' dir='ltr' id='par_1_9' title="bbox 202 2438 1175 2492">
     <span class='ocr_line' id='line_1_38' title="bbox 202 2438 1175 2492; baseline 0.004 -5.004"><span class='ocrx_word' id='word_1_294' title='bbox 202 2443 584 2492; x_wconf 56' lang='lat' dir='ltr'><strong>T.I.n›&#39;.l‘ol..X</strong></span> <span class='ocrx_word' id='word_1_295' title='bbox 1131 2438 1175 2484; x_wconf 76' lang='lat' dir='ltr'><em>T</em></span> 
     </span>
    </p>
   </div>
  </div>
 </body>
</html>
