1675 2959
333 126 414 174 IN
460 124 628 172 Loc,
672 123 808 170 Ltss.
855 122 963 169 civ
1015 122 1152 168 Lrv.
1293 137 1379 185 173

93 243 143 272 ex
161 230 369 270 commodo
387 230 452 269 suo
464 260 476 278 ,
491 228 745 268 committere.
765 227 842 268 Sed
858 226 1057 277 postquam
1077 227 1115 264 in
1131 225 1286 265 transitu
1309 227 1384 266 flu-

94 294 209 334 minis
225 293 432 343 impeditos
448 292 607 340 didicit,
626 293 740 344 (nam
760 298 802 328 ut
817 290 1072 338 QATiturium
1098 288 1266 339 legatum
1292 301 1384 328 cum

92 355 161 395 sex
185 353 409 394 cohortibus
435 355 474 392 in
499 353 615 392 altera
640 353 721 402 ripa
753 351 890 390 relietis
921 351 1206 401 opprimerent,
1239 358 1321 398 aut,
1352 349 1382 389 fi

94 415 174 455 hoc
198 428 277 453 non
301 414 453 464 possent
468 445 478 462 ,
500 414 739 454 Rhemorum
764 412 949 452 vastarent
971 425 1104 463 agros,
1127 420 1277 462 partem
1297 411 1384 450 suo-

94 489 183 515 rum
214 475 458 514 transducere
482 474 750 521 conabantur)
791 484 879 511 cum
909 475 1017 512 omni
1042 474 1214 523 equitatu
1241 485 1286 512 ac
1308 472 1386 512 levi

92 546 285 576 armatura
318 544 479 587 pontem
515 534 784 584 transgressus,
820 533 962 580 multos
989 535 1162 581 occidit;
1193 533 1286 572 alios
1314 547 1383 584 pet

91 597 249 637 suorum
270 609 438 648 ,corpora
462 596 612 634 tranfire
635 593 1118 642 conantespniultitudine
1142 594 1306 634 telorum
1328 609 1388 634 re-

92 660 220 712 pulit:
251 660 417 710 aliquem
444 670 647 697 numerum
664 688 676 707 ,
705 658 768 708 qui
796 659 875 706 jam
901 655 1185 706 transmiserat,
1210 659 1386 708 equitatu

97 723 366 763 circumvenit.

152 784 264 825 LVII.
290 783 450 829 Hostes,
477 782 543 821 fibi
564 780 628 821 sua
653 781 806 821 confilia
827 793 962 831 pamm
990 780 1154 820 feliciter
1178 779 1386 819 succedere

93 848 265 896 experti,
285 846 334 884 ad
359 845 436 880 hoc
461 844 622 889 audito,
647 844 862 881 concitatos
878 855 900 879 a
925 841 1068 881 Caesare
1093 842 1236 882 AEduos
1262 841 1387 882 Bello-

94 917 278 947 vacorum
299 903 393 941 fines
415 899 601 939 hostiliter
627 899 799 944 intraffe‚
821 899 990 940 secunda
1015 902 1149 952 vigilia
1176 902 1282 942 nullo
1305 915 1388 942 cer-

95 976 138 1003 to
165 952 298 1002 ordirle
322 976 446 1013 neque
471 961 633 1010 imperio
660 961 708 999 ad
736 960 798 999 sua
823 962 1016 1011 proficisci
1042 964 1307 1003 instituerunt:
1336 965 1388 1001 sic

95 1025 196 1064 inter
218 1023 255 1062 se
279 1024 379 1074 pacti
397 1054 408 1071 ,
431 1030 472 1061 ut
501 1022 564 1073 qui
593 1034 727 1060 eorum
753 1021 863 1072 primi
887 1034 907 1060 a
932 1019 1076 1060 Caesare
1104 1020 1214 1069 petiti
1240 1019 1385 1069 effent,

94 1086 145 1125 ad
175 1084 314 1123 horum
352 1083 613 1123 defenlionem
635 1083 794 1122 univerfi
819 1088 1101 1120 concurrerent.
1137 1079 1283 1129 Caesar,
1312 1082 1389 1121 dis-

94 1145 197 1184 ceffu
229 1145 392 1184 hostium
429 1157 497 1190 per
528 1141 785 1189 speculatores
828 1141 1011 1190 cognito,
1049 1141 1191 1180 milites
1227 1150 1387 1193 tamen,

95 1205 203 1255 quod
223 1208 263 1242 in
288 1216 326 1241 re
343 1202 603 1252 inexspectata
624 1202 823 1242 metuebat
841 1203 1016 1252 infidias,
1034 1204 1159 1243 castris
1182 1205 1388 1246 continuit.

94 1269 223 1319 prima
247 1267 389 1306 deinde
413 1265 500 1304 luce
520 1266 639 1314 misit,
665 1266 730 1316 qui
760 1266 884 1306 hostes
905 1277 1140 1317 moraretur,
1164 1269 1387 1311 universum

95 1331 333 1380 equitatum,
372 1340 459 1366 cum
486 1328 536 1377 Q.
560 1327 700 1376 Pedio,
738 1328 779 1367 L.
807 1327 1066 1378 Aurunculejo
1101 1329 1214 1369 Cotta
1239 1328 1388 1380 legatis.

95 1392 310 1433 Labienum
340 1403 429 1430 cum
453 1388 668 1440 legionibus
698 1390 817 1428 tribus
844 1389 1019 1441 subsequi
1041 1391 1157 1440 J‘uffit.
1189 1391 1287 1432 Cum
1317 1393 1387 1432 ho-

95 1453 210 1493 stium
243 1465 287 1491 ea
318 1452 414 1491 ratio
443 1451 559 1499 esset,
585 1459 627 1489 ut
655 1451 846 1490 noviffimi
872 1451 909 1491 se
934 1461 1223 1502 converterent,
1255 1456 1290 1493 ἃ,
1318 1455 1389 1495 im-

93 1514 323 1566 preffionem
339 1514 600 1553 Romanorum
623 1511 866 1561 sustinerent,
888 1514 1002 1552 ceteri
1020 1514 1176 1554 interim
1201 1523 1388 1554 contente

92 1577 297 1627 fugerent:
333 1574 420 1614 illos
444 1565 716 1625 superveniens
745 1575 935 1614 Labienus
967 1575 1146 1625 disjecit,
1172 1578 1208 1617 ἃ
1233 1577 1389 1629 ΐιιςίετωΔ

95 1636 199 1676 tibus
226 1634 412 1676 immiffus
436 1647 578 1684 eques,
607 1634 805 1685 ingentem
833 1634 993 1685 stragem
1017 1635 1154 1675 edidit.

117 1728 121 1732 .
152 1697 285 1737 LVIII.
304 1698 386 1737 Nec
408 1704 578 1735 moratus
597 1695 736 1745 Caesar,
754 1696 847 1746 quin
870 1697 1055 1748 postridie
1076 1698 1202 1738 statim
1226 1699 1264 1738 in
1279 1700 1389 1741 Sues-

95 1758 219 1798 fiones
241 1758 410 1797 duceret.
446 1757 479 1797 Ii
504 1757 542 1796 se
571 1757 720 1806 statim,
742 1771 867 1808 neque
897 1759 1022 1799 multo
1058 1761 1142 1811 post
1169 1761 1388 1812 Bellovaci,

97 1821 343 1861 dediderunt.
369 1819 490 1860 Caesar
511 1828 716 1871 utrumque
736 1821 947 1872 populum,
975 1822 1188 1862 Sueffiones
1203 1824 1389 1874 Rhemis,

95 1881 322 1922 Bellovacos
343 1882 474 1922 AEduis
495 1881 812 1932 deprecantibus,
839 1883 1084 1924 conservavit.
1117 1885 1215 1925 Mox
1235 1886 1389 1926 Ambia-

97 1945 156 1983 nis
180 1944 364 1994 receptis,
387 1944 435 1982 ad
456 1943 549 1982 fines
577 1944 806 1983 Nerviorum
828 1957 1069 1995 perventum.
1099 1946 1150 1985 Hi
1169 1959 1293 1996 neque
1318 1948 1389 1986 mi-

96 2004 225 2044 serant
237 2006 284 2044 ad
301 2004 485 2045 Caesarem
509 2004 676 2055 legatos,
697 2007 731 2045 Sc
756 2005 975 2045 ferocissimi
989 2006 1192 2057 Belgarum
1207 2008 1386 2049 omnium

99 2064 364 2113 habebantur,
401 2065 574 2104 institutis
602 2067 783 2105 virtutem
816 2067 1111 2115 roborantibus,
1146 2070 1256 2117 cujus
1281 2070 1389 2120 vigo„

98 2139 208 2175 rem,
238 2126 442 2177 prohibitis
473 2128 512 2165 in
540 2127 637 2165 fines
661 2128 810 2177 ingredi
831 2129 1134 2177 mercatoribus,
1157 2130 1324 2180 vinoque
1348 2133 1387 2171 δὲ

98 2189 308 2239 peregrinis
339 2188 489 2227 deliciis
519 2189 699 2239 praecluso
730 2191 861 2238 aditu,
889 2191 1105 2232 tuebantur.
1128 2192 1245 2230 Vetus
1280 2194 1387 2242 genti,

98 2249 277 2288 adversus
291 2249 543 2291 finitimorum
564 2252 794 2292 incurfiones
811 2254 1025 2304 praefidium
1046 2255 1088 2292 in
1112 2253 1285 2292 filvarum
1301 2267 1384 2292 mu-

99 2311 284 2351 nimentiS
305 2322 406 2362 erat,
430 2327 523 2365 quas
540 2324 619 2354 arte
642 2316 809 2366 quadam
823 2346 835 2365 ,
858 2318 914 2357 ita
941 2316 1147 2368 implicatis
1163 2315 1384 2364 arboribus,

148 2426 174 2471 5
198 2426 286 2464 LVI.
314 2426 458 2466 Diodor.
488 2432 510 2477 ς
535 2431 641 2470 Lvn.
659 2431 744 2466 Caes.
764 2430 855 2468 plut,
