1675 2959
259 163 356 215 330
419 154 1460 203 JO.FRE1NSHEM118UPPLEM;

257 267 317 298 rat
334 290 344 308 ,
366 273 480 301 amne
516 262 767 313 interpofito:
795 264 831 302 &
858 262 882 300 s1
915 275 982 312 per
1008 270 1169 313 pontem
1193 263 1372 311 duceret,
1397 262 1542 301 interea

257 319 384 362 hostes
421 324 660 372 evadebant,
691 338 770 362 non
799 323 961 373 amplius
991 326 1129 375 viginti
1165 326 1338 376 passuum
1369 323 1544 363 millibus

258 383 422 425 distante
435 418 447 433 ‚
471 400 584 437 quam
604 386 800 436 petebant,
819 386 1028 438 OCmgesa,
1047 401 1130 438 quae
1146 389 1284 429 confici
1307 388 1355 428 ab
1373 386 1544 427 exercitu

257 447 392 486 eodem
420 448 482 487 die
512 456 698 497 poterant.
1133 458 1146 465 “
1370 463 1374 464 ⁷

309 510 460 549 XXIII.
486 510 603 559 Igitur
618 540 628 556 ‚
642 509 747 559 quod
763 507 887 548 solum
909 516 988 549 erat
1011 509 1200 562 reliquum
1215 542 1227 561 ‚
1239 512 1367 565 equites
1381 509 1544 560 transire,

255 570 291 610 6³
310 572 436 609 morari
462 585 582 623 agmen
602 571 721 619 jubet.
744 572 819 620 Hi,
847 573 1059 614 transmisso
1083 575 1245 614 flumine
1260 605 1272 623 ,
1293 573 1545 614 commodum

251 628 553 679 superveniunt,
583 641 628 670 ut
665 633 783 670 noctu
814 634 1056 673 moventibus
1095 634 1305 674 tumultum
1343 633 1543 680 stiffi-ent,

255 689 404 741 iterque
430 693 694 743 prohiberent.
724 694 774 734 Ea
797 707 855 734 res
879 696 1038 746 spec'tari
1065 697 1152 737 luce
1182 697 1332 737 reddita
1358 709 1403 735 ex
1427 694 1545 734 colli-

256 752 354 802 bus,
386 756 450 805 qui
477 756 678 805 conjuneti
706 756 862 797 Caesaris
887 759 1171 812 castris-erant,
1193 768 1357 811 poterat.
1386 756 1542 798 Accenfi

254 827 345 865 ergo
367 817 510 857 milites
530 825 636 858 tanta
661 819 859 858 occafione
890 812 1055 867 victoriae
1071 850 1082 869 ,
1102 834 1170 871 per
1192 821 1366 861 tribunos
1387 821 1422 859 δε
1452 830 1543 857 cen-

253 879 423 918 turiones
444 879 628 919 Caesarem
647 892 780 929 orant,
805 884 890 934 urst:
913 872 1012 920 trabs
1029 883 1161 933 flumen
1183 884 1317 922 duceret
1330 898 1346 931 ;
1365 897 1432 934 qua
1446 880 1543 933 equi-

252 950 350 977 tatus
378 941 568 992 tranfiſjet,
596 957 636 980 ea
662 942 703 993 se
733 957 865 994 quoque
889 945 1015 982 audere
1042 944 1281 996 transmittere.
1321 942 1442 983 Caesar
1473 940 1540 980 etfi

252 999 417 1040 timebat
447 1003 662 1042 exercitum
692 1011 806 1042 tantae
842 1004 1118 1053 magnitudinis
1159 1006 1194 1044 δι
1226 1005 1438 1055 rapiditatis
1474 1003 1544 1041 flu-

251 1061 351 1110 mini
386 1061 582 1111 objicere,
606 1072 734 1102 tamen
766 1064 962 1105 alacritate
990 1065 1167 1114 suorum,
1200 1069 1234 1106 St
1262 1067 1325 1117 spe
1352 1065 1450 1105 bene
1481 1076 1545 1115 ge-

252 1124 381 1162 rendae
417 1125 468 1162 rei
500 1125 710 1173 excitatus,
742 1139 925 1176 magnum
955 1128 1219 1175 jumentorum
1251 1141 1452 1168 numerum
1485 1127 1545 1165 in-

254 1184 314 1223 fra
342 1185 527 1235 supraque
549 1186 768 1226 constituit:
793 1180 905 1225 medio
923 1188 1044 1240 spatio
1060 1189 1245 1242 transfhrre
1268 1190 1398 1227 milites
1420 1187 1543 1237 jubet.

253 1247 344 1288 Erat
378 1247 507 1287 adhuc
533 1261 577 1288 ea
602 1249 771 1288 fluminis
796 1248 962 1288 altitudo
979 1279 992 1298 ,
1012 1258 1055 1289 ut
1077 1250 1346 1290 tantummodo
1374 1249 1544 1288 humeris

253 1312 291 1350 &a
321 1309 470 1349 summo
506 1313 659 1361 pectore
686 1311 899 1350 exstarent:
926 1311 1134 1351 transducti
1171 1320 1299 1351 tamen
1325 1310 1409 1350 sunt
1435 1311 1542 1349 ineo·

250 1369 378 1409 lumes
392 1400 404 1418 ‚
423 1383 512 1409 cum
536 1382 705 1420 paucos,
737 1372 804 1422 qui
826 1371 995 1411 fluminis
1018 1371 1053 1411 vi
1069 1371 1219 1423 abrepti
1242 1372 1414 1420 fuerant,
1433 1370 1540 1422 equi.-

251 1439 354 1472 tatus
382 1432 600 1483 excepisset.

308 1493 457 1533 XXIV.
496 1494 657 1534 Strenue
683 1493 822 1534 deinde
845 1501 1066 1545 pergentes,
1089 1502 1133 1534 ut
1153 1493 1261 1533 simul
1285 1507 1446 1545 corpora
1473 1493 1540 1533 fri.

251 1568 346 1609 gore
370 1568 554 1606 aquarum
577 1554 711 1596 affecta
739 1556 849 1595 cursu
876 1557 1112 1605 refoverent;
1139 1558 1189 1596 ad
1213 1556 1349 1597 horam
1375 1558 1453 1597 diei
1471 1570 1539 1596 no-

250 1629 344 1655 nam
369 1614 523 1654 ass'ecuti
546 1616 630 1654 sunt
655 1628 748 1664 eos,
777 1616 841 1667 qui
867 1616 916 1656 de
945 1617 1054 1656 tertia
1076 1616 1203 1668 vigilia
1227 1617 1430 1657 exiverant.
1458 1618 1538 1658 Ho-

252 1678 350 1726 stes,
373 1677 452 1717 viso
480 1677 631 1717 Caesaris
663 1680 859 1725 exercitu,
889 1678 1020 1717 locum
1058 1677 1292 1729 superiorem
1325 1689 1535 1730 ceperunt,

254 1741 454 1790 aciemque
482 1738 748 1780 instruxerunt.
779 1740 899 1779 Caesar
927 1740 1079 1778 interim
1109 1739 1194 1780 suos
1226 1740 1456 1790 requiescere
1482 1743 1541 1789 ju-

254 1802 344 1851 bet3
380 1803 523 1842 deinde
556 1803 697 1842 iterum
729 1803 1017 1853 progredientes
1053 1801 1178 1841 hostes
1211 1802 1434 1852 insequitur.
1477 1802 1539 1842 Illi

254 1879 342 1907 cum
370 1866 475 1906 haud
496 1865 663 1916 amplius
684 1865 851 1916 quinque
874 1863 993 1904 millia
1015 1863 1188 1915 passuum
1204 1864 1374 1904 abeffent
1394 1878 1414 1903 a
1430 1877 1540 1903 mon-

252 1930 342 1970 tofis
369 1932 403 1970 ἃ
437 1929 601 1981 angustis
636 1928 756 1975 locis,
792 1941 875 1978 quse
903 1928 929 1966 s1
962 1927 1118 1966 modico
1151 1926 1320 1977 praesidio
1356 1925 1540 1977 occupas-

252 1993 362 2041 sent,
394 1997 585 2032 immunes
608 1992 656 2031 ab
682 1992 852 2041 equitatu
877 1990 1057 2038 Caesaris,
1075 1989 1123 2028 ad
1147 1989 1299 2029 Iberum
1323 1988 1547 2039 pervenire,

255 2067 424 2103 eumque
452 2066 535 2094 tuto
564 2053 823 2093 transmittere
847 2061 1041 2103 poterant3
1065 2062 1195 2090 tamen
1221 2052 1338 2089 totius
1366 2050 1443 2089 diei
1469 2063 1540 2100 pu-

256 2127 329 2164 gna
353 2118 387 2153 ἃ
410 2115 546 2153 itinere
574 2115 803 2165 defatigatis
829 2114 944 2153 castra
969 2113 1188 2164 posuerunt.
1211 2113 1336 2152 Noc'te
1361 2112 1536 2162 proxima

253 2177 404 2226 excepti
441 2177 487 2215 ab
521 2178 714 2226 equitibus
746 2187 969 2227 aquatores,
998 2175 1182 2215 Caesarem
1208 2174 1405 2212 certiorem
1434 2173 1538 2212 fece-

254 2249 367 2285 runt,
387 2239 604 2290 aa'vcrfizrios
619 2241 763 2291 filentio
783 2241 968 2292 proficifii.
1001 2238 1151 2288 Idcirco
1171 2239 1311 2288 fignum
1331 2236 1428 2284 dari,
1444 2237 1533 2288 vasa

255 2300 402 2338 militari
424 2315 512 2338 more
541 2301 751 2339 conclamari
769 2330 780 2347 ‚
802 2303 837 2340 ἐν
856 2312 976 2353 praeter
1001 2301 1273 2352 advetfzriorum
1293 2299 1399 2350 castra
1421 2299 1535 2336 nmlos

253 2362 314 2415 agi
327 2376 401 2399 cum
415 2361 778 2415 ftemt'm‚anumque
792 2363 1004 2409 continuari,
1020 2361 1144 2410 juss'rt:
1166 2359 1241 2399 hoc
1258 2359 1334 2398 astu
1353 2360 1532 2410 adeptus,

299 2480 323 2526 §
348 2479 457 2516 XXII.
480 2479 562 2514 Dio.
586 2479 733 2525 Appiam.
761 2480 855 2513 civil.
883 2480 907 2514 l.
930 2489 961 2513 2.
985 2478 1069 2512 Caes.
1097 2477 1119 2524 5
1146 2478 1267 2513 XXIII.
1289 2477 1370 2511 Dio.
1391 2475 1476 2510 Caes.
