1675 2959
312 72 388 117 IN
429 71 595 118 LOC.
643 69 781 117 LIB.
825 71 970 118 CVIII
1005 66 1172 121 L1V.'
1314 78 1407 140 285

127 176 443 228 proficisceretur.
492 176 671 216 Habebat
702 184 830 216 autem
856 179 887 217 is
913 180 1088 229 pediturn
1114 180 1235 219 millia
1261 183 1413 223 duoden‘

128 240 230 286 cim,
262 240 437 280 Romano
470 248 643 287 armam,
680 241 854 290 equitum
887 240 1008 280 millia
1043 242 1131 282 duo.
1178 242 1325 291 Rejecti
1358 245 1412 284 ab

126 301 331 342 Antiochia
355 296 509 348 Parthi,
535 302 787 351 Antigoniam
817 303 1033 351 petierunt,
1055 316 1168 353 quarn
1194 303 1297 343 haud
1322 319 1411 355 pro..

124 362 189 401 cul
222 363 314 401 inde
340 361 506 412 Philippi
528 361 629 401 filius
654 362 864 412 Antigonus
890 364 1126 404 condiderat.
1169 365 1409 407 Suburbium

122 433 204 462 erat
235 423 288 462 ibi
316 422 580 473 frequentibus
607 422 805 463 arboribus
832 424 1031 463 consitum.
1074 424 1119 464 Id
1140 425 1267 464 Parthi
1295 435 1406 466 metu

125 484 344 524 infidiarum
370 485 519 534 ingredi
545 497 623 522 non
644 484 740 530 ausi,
770 484 1012 524 succidendis
1032 486 1229 526 arboribus
1258 489 1408 538 aperire

121 542 252 583 locum
272 545 525 583 instituerunt.
551 544 626 583 Sed
646 544 713 583 ubi
735 544 910 583 homines
931 544 1023 585 huic
1043 546 1164 586 labori
1186 561 1266 586 non
1287 549 1409 589 affue-

121 612 209 652 tos‚
243 606 359 645 etiam
392 604 535 645 affidue
563 605 705 645 Caffius
734 606 939 657 carpebat,
973 607 1105 648 relicta
1132 611 1168 648 ἃ
1202 608 1275 649 hac
1309 610 1409 651 obli-

121 667 258 727 dione,
281 664 537 706 discefferunt.

159 727 257 768 XL.
281 727 449 777 Gmiffius
476 728 612 766 itinere
641 726 806 768 hostium
835 736 988 768 mature
1012 731 1195 781 cognito,
1218 743 1307 770 cum
1332 746 1404 782 per

120 790 345 839 confragosa
370 789 456 829 loca
484 788 756 828 transeundum
783 789 934 836 Parthis
955 791 1069 839 effet,
1092 794 1199 830 omni
1228 795 1403 843 peditatu

116 851 158 889 in
181 842 324 890 insidiis
356 850 519 897 locato,-
539 863 627 889 cum
656 852 876 901 equitibus,
903 865 1065 901 quorum
1099 853 1266 893 habebat
1294 854 1402 897 haud

114 926 274 963 magnas
295 913 450 963 copias,
480 912 517 950 se
550 912 724 952 ostendit.
766 912 947 953 Celeriter
974 923 1170 954 contemtu
1195 919 1401 966 paucitatis

114 974 165 1013 ad
177 987 372 1025 pugnam,
389 974 528 1013 deinde
544 972 593 1011 ad
609 971 883 1021 insequendum
907 976 1184 1027 refugientem,
1208 980 1306 1018 moti
1328 980 1398 1020 ho..

112 1033 205 1075 stes,
240 1029 457 1078 priusquam
492 1033 816 1082 animadvertere,
844 1048 920 1085 quo
946 1040 1281 1088 progrederentur,
1313 1042 1401 1080 snev

113 1093 150 1129 ἃ
182 1090 370 1139 cupiditas
399 1091 555 1140 flueret,
581 1092 676 1133 locis
715 1095 856 1144 iniquis
881 1106 903 1132 a
930 1089 1104 1142 peditatu
1141 1090 1398 1132 circumventi

101 1150 209 1197 sunt.
250 1149 319 1190 Illa
350 1150 476 1190 clades
515 1158 531 1200 (
550 1167 640 1194 nam
671 1158 707 1196 δε
744 1168 883 1203 magna
912 1164 997 1201 pars
1024 1151 1210 1190 exercitus
1243 1152 1397 1190 cecide-

109 1223 195 1260 rat,
224 1215 258 1254 ὅ(
290 1212 369 1263 ipse
405 1214 483 1252 dux
514 1212 655 1252 Osaces
682 1212 814 1263 paucis
844 1212 929 1263 post
961 1212 1097 1252 diebus
1123 1213 1319 1252 interierat
1345 1225 1395 1254 ex

109 1276 299 1328 vulnere)
333 1277 480 1327 expulit
502 1277 685 1316 Pacorum
715 1276 852 1327 Syria:
888 1276 1032 1326 diuque
1059 1277 1142 1328 post
1169 1290 1191 1316 a
1226 1276 1394 1317 Partho-

105 1351 195 1379 Tum
226 1340 341 1379 armis
372 1341 542 1389 quietam
571 1340 807 1388 provinciam
833 1339 1013 1389 praestitit.

162 1402 263 1442 XLI.
296 1402 450 1445 Interim
478 1402 534 1441 M.
554 1402 737 1449 Bibulus,
765 1415 880 1452 quem
905 1401 1141 1452 aliquamdiu
1161 1403 1201 1443 in
1226 1403 1392 1444 obsidio.

105 1474 156 1501 ne
177 1461 305 1502 Parthi
329 1461 565 1511 habuerant,
589 1462 836 1502 Antiochiam
859 1463 974 1502 venit.
1004 1466 1127 1513 Atque
1151 1464 1181 1503 is
1206 1466 1389 1515 quidem,

105 1525 290 1575 quamdiu
315 1526 371 1564 cis
395 1524 626 1575 Euphratem
649 1525 721 1564 fuit
741 1525 882 1573 hostis,
913 1526 1054 1576 pedem
1083 1536 1193 1576 porta
1217 1539 1296 1566 non
1319 1540 1392 1566 ex-

106 1587 205 1626 tulit.
230 1600 356 1638 neque
382 1595 530 1634 tamen,
550 1587 684 1638 legatis
712 1590 747 1628 &
771 1588 904 1643 amicis
919 1601 965 1627 ac
985 1589 1166 1639 quaestore
1189 1588 1256 1629 suo
1280 1590 1391 1630 Cice-

101 1664 237 1690 ronem
270 1652 318 1691 ad
342 1651 546 1691 subsidium
578 1652 828 1700 vocantibus,
858 1665 902 1692 ea
930 1653 978 1691 de
1003 1666 1042 1691 re
1070 1652 1196 1692 literas
1225 1653 1390 1693 scribere

104 1712 254 1761 voluit;
287 1715 418 1752 onmia
451 1715 599 1764 perpeti
625 1713 771 1763 malle,
805 1728 920 1765 quam
947 1715 1067 1754 videri
1104 1716 1244 1755 auxilio
1279 1715 1389 1755 Cice-

102 1775 207 1812 ronis
226 1774 389 1825 eguiss'e,
413 1787 487 1824 prae
509 1773 546 1812 se
572 1773 708 1815 ferens.
734 1777 854 1825 Atque
877 1774 953 1813 hoc
974 1784 1017 1813 ut
1039 1774 1217 1814 malevoli
1242 1775 1383 1825 animi,

97 1831 151 1875 ¹fic
184 1838 289 1887 quod
324 1837 514 1888 sequitur,
549 1837 836 1877 constantissimi
863 1838 1227 1888 moderatissimique
1256 1839 1383 1890 speci·

50 1906 51 1910 ’
101 1911 194 1937 men
220 1899 307 1937 fuit.
347 1899 452 1938 Duos
479 1898 585 1937 simul
617 1900 777 1950 egregiae
801 1899 942 1938 indolis
966 1900 1066 1939 filios
1096 1900 1293 1949 amiserat,
1314 1911 1386 1945 oc-¹

100 1960 198 1999 cifos
233 1974 254 1999 a
286 1961 509 2011 quibusdam
537 1973 671 1999 eorum
701 1961 898 2011 equitum,-
929 1962 991 2012 qui
1026 1974 1114 2001 cum
1140 1964 1183 2001 A.
1215 1963 1383 2002 Gabinio

97 2021 345 2061 Ptolemaeum
384 2022 425 2060 in
461 2034 618 2072 regnum
658 2022 914 2070 reduxerant,
951 2022 1092 2062 deinde
1129 2022 1379 2063 consederant

99 2084 351 2125 Alexandriae.

151 2148 274 2188 XLII.
306 2147 352 2187 Id
384 2147 449 2186 ille
476 2147 734 2186 infortunium
756 2147 900 2198 ingenti
927 2147 1056 2188 animo
1086 2146 1184 2187 tulit.
1219 2148 1375 2198 Quippe

146 2271 168 2314 ᾗ
193 2271 348 2305 XXXIX.
374 2273 518 2306 Hirtius.
541 2272 563 2315 §
584 2272 655 2305 XL.
678 2273 821 2305 Diodor
844 2274 986 2305 Sueton-
1010 2272 1083 2305 Cic.
1108 2272 1260 2303 familiar.
1285 2271 1325 2311 S

25 2295 33 2303 ·
99 2315 124 2358 5
151 2316 238 2347 XLI.
266 2317 389 2358 Velle]
414 2318 521 2361 2,48.
544 2318 688 2363 Appian.
709 2318 780 2351 Cic.
804 2317 954 2351 familiar.
974 2318 1010 2358 S,
1027 2328 1059 2351 2.
1083 2316 1174 2349 klut.
1193 2317 1228 2348 in
1251 2316 1318 2349 Por·
1314 2293 1372 2359 ip.

102 2369 210 2403 094·
