1675 2959
277 72 376 121 286
444 73 541 119 JO*
568 69 1066 118 FREINSHEMII
1103 68 1463 115 SUPPLEM.

264 178 456 218 'nuntiata
495 185 618 217 morte
639 176 806 216 filiorum
823 206 834 224 ,
861 175 1044 225 postridie
1071 175 1246 226 processit
1269 176 1319 214 ad
1345 173 1457 216 solita
1476 179 1558 210 mu-

280 241 371 280 nia:
403 240 608 291 posteaque
646 237 815 276 remissos
841 238 890 274 ad
916 235 954 274 se
984 237 1245 276 interfedtores
1276 250 1298 276 a
1333 236 1560 286 Cleopatra,

279 315 364 352 quae
384 302 529 352 parenti
553 311 685 338 recens
706 297 896 336 'defuneto
915 296 1159 344 successerat,
1183 298 1332 336 intaaos
1356 296 1470 336 reduci
1488 292 1560 343 juf-

277 364 326 403 fit
344 366 393 402 ad
410 363 562 414 reginam
574 376 591 408 ‚-
613 360 770 406 addico,
788 360 984 411 potestatem
1010 356 1115 408 hujus
1139 358 1318 406 vindiblae,
1342 372 1413 396 non
1432 357 1561 409 suam,

270 427 340 480 sed
349 427 520 478 senatus,
533 422 595 473 ff
615 423 740 461 debere.
768 421 805 461 Is
825 420 938 471 igitur
951 420 1111 459 Bibulus
1127 431 1216 459 cum
1235 419 1478 460 Antiochiam
1498 429 1562 457 ve·

278 486 413 532 niffet,
428 493 589 534 accepto
605 484 776 522 exercitu
790 514 801 532 ,
829 482 868 521 in
884 485 1033 523 Amano
1060 490 1192 521 monte
1209 511 1223 528 ,
1241 484 1307 531 qui
1327 482 1463 532 plenus
1482 486 1563 519 erat

280 548 448 588 hostium
464 546 780 596 sempiternorum
794 572 805 593 ,
821 547 1019 584 materiem
1034 543 1221 594 triumphi
1242 543 1362 592 coepit
1387 555 1565 594 quaerere.

278 611 359 651 Sed
381 616 532 655 contra,
558 620 672 657 quam
697 607 933 657 speraverat,
961 619 1018 645 res
1044 606 1185 645 cecidit
1201 634 1212 654 ,
1246 604 1376 644 amissa
1400 604 1561 644 cohorte

281 671 480 722 praetoria,
504 671 539 709 ἃ
556 669 681 709 Afinio
699 669 897 715 Dentone,
925 669 989 719 qui
1008 669 1119 718 primi
1138 667 1207 718 pili
1232 666 1404 706 centurio
1426 667 1566 706 fuerat.

350 732 493 773 XLIII.
530 729 694 772 Felicior
729 732 768 770 in
797 731 937 770 eodem
966 740 1100 770 monte
1140 730 1335 770 Ciceronis
1370 729 1568 779 expeditio

282 796 382 835 fuit:
407 807 498 834 nam
523 805 771 832 communem
799 792 863 831 ille
889 805 979 831 cum
1004 790 1143 832 Bibulo
1169 793 1358 832 Amanum
1381 790 1569 839 habebat,

284 870 467 907 aquarum
482 855 654 895 divortiis
670 854 933 894 dividentibus
954 855 1182 905 provincias.
1202 854 1346 904 Magna
1362 852 1426 892 ille
1442 851 1570 891 multi-

283 922 421 960 tudine
445 919 610 958 hostium
639 917 786 965 occisa,
814 917 998 961 Eranam,
1026 917 1132 966 quod
1160 924 1238 955 erat
1267 917 1402 956 Amani
1432 921 1567 964 caput,

283 993 464 1035 praeterea
488 983 695 1032 Sepyram,
719 982 753 1019 δε
770 977 1020 1021 Commorim,
1044 988 1130 1014 cum
1156 976 1241 1017 aliis
1267 978 1416 1024 aliquot
1442 975 1574 1015 castel-

284 1048 333 1075 122
359 1045 465 1085 cebir
492 1072 498 1077 .
518 1046 624 1083 Hinc
644 1044 693 1083 ad
716 1041 903 1092 oppidum
929 1037 1291 1078 Eleutherocilicum
1312 1033 1568 1074 Pindenissum

287 1099 447 1137 admoto
467 1096 661 1144 exercitu,
690 1097 823 1138 locum
851 1100 1168 1145 munitissimum,
1192 1094 1410 1146 aggeribus,
1431 1096 1572 1144 vineis,

285 1160 457 1200 turribus
486 1160 750 1209 oppugnavit,
779 1160 880 1198 vallo
913 1164 948 1198 8(
977 1161 1070 1198 fossa
1099 1159 1242 1203 cinxit,
1275 1169 1490 1207 magnoque
1518 1156 1573 1195 la·

287 1221 403 1269 bore,
429 1220 512 1271 post
533 1219 739 1269 septimum
760 1226 875 1267 atque
898 1216 1253 1267 quinquagefimum
1270 1217 1395 1265 diem,
1414 1217 1451 1255 in
1467 1225 1575 1267 pote.

289 1285 421 1324 statem
456 1282 615 1332 redegit.
650 1281 747 1320 Inde
770 1278 982 1320 Tibarenos
1004 1279 1136 1329 petiit,
1171 1279 1235 1329 qui
1259 1279 1412 1318 finitimi
1438 1279 1575 1319 Pinde-

290 1344 542 1390 milensibus,
579 1341 748 1381 similiter
775 1348 998 1392 receperant
1033 1340 1238 1392 fugitivos,
1273 1340 1574 1392 Parthorumque

291 1406 498 1446 adventum
524 1402 805 1455 exspectabant.

346 1465 482 1505 XLIV.
509 1464 584 1504 Sed
608 1463 650 1503 hi
673 1463 821 1503 obfides
850 1464 958 1512 dare,
989 1476 1101 1514 quam
1127 1465 1274 1506 bellum
1300 1466 1400 1517 pati,
1426 1466 1578 1506 malue->

293 1537 392 1568 runt.
433 1526 502 1567 His
529 1526 642 1565 rebus
667 1526 796 1576 gestis,
829 1539 896 1576 per
921 1525 1006 1565 loca
1039 1527 1157 1566 dubia
1187 1538 1252 1567 aut
1277 1541 1407 1569 recens
1441 1540 1577 1580 pacata
1629 1537 1632 1540 ”

291 1590 352 1632 m.
378 1590 513 1629 Cicero
534 1589 744 1627 exercitum
773 1588 990 1637 distribuit,
1014 1589 1278 1641 Quintumque
1303 1592 1458 1632 fratrem
1483 1603 1580 1643 prae-

289 1652 391 1693 fecit
414 1651 607 1691 hibernis:
644 1649 722 1700 ipse
754 1650 803 1689 ad
837 1660 1049 1689 conventus
1079 1654 1247 1703 agendos
1275 1654 1313 1692 in
1342 1655 1578 1705 provinciam

291 1713 489 1766 profectus
519 1711 580 1750 est.
612 1711 699 1759 Jam
724 1719 831 1750 erant
867 1712 916 1750 ad
943 1712 1077 1751 urbem
1105 1715 1354 1764 imperatores
1385 1716 1487 1764 duo,
1513 1716 1580 1766 qui

293 1775 343 1816 ex
367 1774 502 1813 eadem
532 1772 664 1812 Cilicia
699 1771 933 1823 triumphare
960 1783 1171 1824 cuperent,
1199 1776 1348 1826 Appius
1375 1775 1579 1822 Claudius,

294 1837 359 1875 cui
381 1836 516 1876 Cicero
542 1834 786 1884 successerat,
814 1838 849 1875 δε
873 1836 910 1875 l'.
930 1835 1134 1884 Lentulus,
1151 1839 1214 1888 qui
1235 1838 1470 1888 provinciam
1491 1846 1580 1877 ante

294 1898 504 1938 Claudium
541 1896 772 1936 obtinuerat.
814 1898 845 1936 A
871 1896 1002 1935 multis
1032 1898 1135 1936 enim
1172 1899 1281 1938 annis
1311 1899 1490 1948 inquietae
1522 1899 1581 1938 ibi

295 1972 356 2000 res
382 1958 555 2007 fuerant,
575 1959 772 1998 vicinitate
793 1958 1040 2006 Parthorum,
1059 1961 1094 1998 &
1118 1959 1306 1998 ferocibus
1328 1958 1492 1998 Cilicum
1517 1971 1582 1998 ac-

296 2021 550 2070 colarumque
567 2021 740 2071 ingeniis.
774 2020 819 2060 Et
843 2019 1049 2068 Lentulus,
1076 2019 1187 2059 rebus
1212 2021 1308 2059 bene
1335 2021 1469 2070 gestis,
1489 2033 1579 2060 cum

295 2092 386 2122 ante
407 2082 605 2121 biennium
633 2081 863 2130 decess'ill‘et,
893 2081 950 2121 his
976 2081 1194 2121 consulibus
1214 2081 1476 2131 triumphavit.
1505 2082 1581 2122 Sed

296 2143 443 2195 Appius
479 2143 680 2191 majestatis
711 2155 795 2182 reus
814 2156 835 2181 a
867 2143 905 2184 P.
930 2141 1129 2182 Dolabella
1159 2142 1303 2189 fastus,
1339 2141 1488 2190 abje'cla
1510 2154 1582 2192 po·

296 2205 499 2244 stulatione
531 2202 739 2254 triumphi,
769 2202 905 2243 urbem
930 2201 1111 2254 ingrell'us
1139 2203 1202 2242 est.
1244 2201 1405 2241 Causam
1431 2215 1500 2252 pro
1533 2215 1579 2242 eo

309 2340 314 2347 ·
347 2330 369 2374 ς
396 2330 497 2362 XLII.
524 2331 628 2363 Strab.
648 2331 672 2363 1.
702 2329 752 2362 16.
778 2327 894 2365 Front.
916 2327 1018 2364 Strat.
1044 2340 1062 2363 2
1078 2356 1085 2371 ,
1104 2341 1134 2373 5.
1154 2329 1253 2364 Oros.
1279 2329 1321 2371 6,
1344 2339 1395 2373 ¹3·
1418 2327 1583 2374 §XLIII-

305 2373 390 2408 OEael'.
424 2376 538 2410 Sene-z,
560 2374 651 2413 cons.
671 2375 711 2407 ad
730 2374 838 2410 Marc.
