<?xml version="1.0" encoding="UTF-8"?>
<!DOCTYPE html PUBLIC "-//W3C//DTD XHTML 1.0 Transitional//EN"
    "http://www.w3.org/TR/xhtml1/DTD/xhtml1-transitional.dtd">
<html xmlns="http://www.w3.org/1999/xhtml" xml:lang="en" lang="en">
 <head>
  <title>
</title>
<meta http-equiv="Content-Type" content="text/html;charset=utf-8" />
  <meta name='ocr-system' content='tesseract 3.04.00' />
  <meta name='ocr-capabilities' content='ocr_page ocr_carea ocr_par ocr_line ocrx_word'/>
</head>
<body>
  <div class='ocr_page' id='page_1' title='image "./historiarumlibri10livyuoft_0134.png"; bbox 0 0 1675 2959; ppageno 0'>
   <div class='ocr_carea' id='block_1_1' title="bbox 282 72 1465 159">
    <p class='ocr_par' dir='ltr' id='par_1_1' title="bbox 282 72 1465 159">
     <span class='ocr_line' id='line_1_1' title="bbox 282 72 1465 159; baseline -0.002 0"><span class='ocrx_word' id='word_1_1' title='bbox 282 123 377 159; x_wconf 56' lang='grc' dir='ltr'>ἰη</span> <span class='ocrx_word' id='word_1_2' title='bbox 445 72 1465 159; x_wconf 61' lang='lat' dir='ltr'>JO.FRE1NSHEM1ISUPPLEM;</span> 
     </span>
    </p>
   </div>
   <div class='ocr_carea' id='block_1_2' title="bbox 225 216 1566 2308">
    <p class='ocr_par' dir='ltr' id='par_1_2' title="bbox 276 216 1566 819">
     <span class='ocr_line' id='line_1_2' title="bbox 281 216 1566 270; baseline -0.002 -12"><span class='ocrx_word' id='word_1_3' title='bbox 281 218 517 270; x_wconf 77' lang='lat' dir='ltr'>utilitatique</span> <span class='ocrx_word' id='word_1_4' title='bbox 541 217 735 270; x_wconf 69' lang='lat' dir='ltr'>publicae,</span> <span class='ocrx_word' id='word_1_5' title='bbox 762 216 938 268; x_wconf 85' lang='lat' dir='ltr'>refragari</span> <span class='ocrx_word' id='word_1_6' title='bbox 966 218 1196 259; x_wconf 83' lang='lat' dir='ltr'>viderentur.</span> <span class='ocrx_word' id='word_1_7' title='bbox 1236 219 1413 268; x_wconf 82' lang='lat' dir='ltr'>Namque</span> <span class='ocrx_word' id='word_1_8' title='bbox 1439 216 1566 257; x_wconf 88' lang='lat' dir='ltr'>multi-</span> 
     </span>
     <span class='ocr_line' id='line_1_3' title="bbox 282 280 1565 331; baseline -0.003 -9"><span class='ocrx_word' id='word_1_9' title='bbox 282 284 379 322; x_wconf 81' lang='lat' dir='ltr'>tudo</span> <span class='ocrx_word' id='word_1_10' title='bbox 404 281 495 330; x_wconf 86' lang='lat' dir='ltr'>illa,</span> <span class='ocrx_word' id='word_1_11' title='bbox 520 295 679 321; x_wconf 90' lang='lat' dir='ltr'>numero</span> <span class='ocrx_word' id='word_1_12' title='bbox 708 284 742 321; x_wconf 82' lang='lat'>&amp;</span> <span class='ocrx_word' id='word_1_13' title='bbox 777 282 938 331; x_wconf 87' lang='lat' dir='ltr'>egestate</span> <span class='ocrx_word' id='word_1_14' title='bbox 968 281 1053 321; x_wconf 90' lang='lat' dir='ltr'>urbi</span> <span class='ocrx_word' id='word_1_15' title='bbox 1088 281 1328 321; x_wconf 87' lang='lat' dir='ltr'>intoleranda</span> <span class='ocrx_word' id='word_1_16' title='bbox 1362 280 1565 320; x_wconf 80' lang='lat' dir='ltr'>exhaurie-</span> 
     </span>
     <span class='ocr_line' id='line_1_4' title="bbox 279 344 1565 397; baseline -0.002 -11"><span class='ocrx_word' id='word_1_17' title='bbox 279 345 418 386; x_wconf 82' lang='lat' dir='ltr'>batur:</span> <span class='ocrx_word' id='word_1_18' title='bbox 446 344 785 395; x_wconf 82' lang='lat' dir='ltr'>frequentabantur</span> <span class='ocrx_word' id='word_1_19' title='bbox 821 344 940 384; x_wconf 88' lang='lat' dir='ltr'>Italiae</span> <span class='ocrx_word' id='word_1_20' title='bbox 969 345 1164 396; x_wconf 87' lang='lat' dir='ltr'>regiones,</span> <span class='ocrx_word' id='word_1_21' title='bbox 1198 346 1326 397; x_wconf 87' lang='lat' dir='ltr'>inopia</span> <span class='ocrx_word' id='word_1_22' title='bbox 1358 344 1565 385; x_wconf 87' lang='lat' dir='ltr'>hominurn</span> 
     </span>
     <span class='ocr_line' id='line_1_5' title="bbox 279 404 1564 457; baseline -0.002 -12"><span class='ocrx_word' id='word_1_23' title='bbox 279 406 462 446; x_wconf 83' lang='lat' dir='ltr'>desertae:</span> <span class='ocrx_word' id='word_1_24' title='bbox 501 404 774 445; x_wconf 82' lang='lat' dir='ltr'>consulebatur</span> <span class='ocrx_word' id='word_1_25' title='bbox 804 417 990 452; x_wconf 84' lang='lat' dir='ltr'>annonae,</span> <span class='ocrx_word' id='word_1_26' title='bbox 1011 405 1212 445; x_wconf 85' lang='lat' dir='ltr'>instaurata</span> <span class='ocrx_word' id='word_1_27' title='bbox 1241 406 1375 457; x_wconf 77' lang='lat' dir='ltr'>passim</span> <span class='ocrx_word' id='word_1_28' title='bbox 1403 404 1564 456; x_wconf 86' lang='lat' dir='ltr'>agricul-</span> 
     </span>
     <span class='ocr_line' id='line_1_6' title="bbox 276 467 1563 518; baseline -0.001 -10"><span class='ocrx_word' id='word_1_29' title='bbox 276 476 362 508; x_wconf 86' lang='lat' dir='ltr'>tura</span> <span class='ocrx_word' id='word_1_30' title='bbox 388 483 396 509; x_wconf 92' lang='lat'>:</span> <span class='ocrx_word' id='word_1_31' title='bbox 434 471 469 508; x_wconf 73' lang='lat'>8:</span> <span class='ocrx_word' id='word_1_32' title='bbox 504 467 585 507; x_wconf 84' lang='lat' dir='ltr'>haec</span> <span class='ocrx_word' id='word_1_33' title='bbox 612 467 688 506; x_wconf 79' lang='lat' dir='ltr'>fine</span> <span class='ocrx_word' id='word_1_34' title='bbox 715 468 886 518; x_wconf 86' lang='lat' dir='ltr'>impensa</span> <span class='ocrx_word' id='word_1_35' title='bbox 914 467 1159 518; x_wconf 75' lang='lat' dir='ltr'>reipublicae,</span> <span class='ocrx_word' id='word_1_36' title='bbox 1195 469 1270 507; x_wconf 77' lang='lat' dir='ltr'>sine</span> <span class='ocrx_word' id='word_1_37' title='bbox 1309 468 1563 508; x_wconf 88' lang='lat' dir='ltr'>incommodo</span> 
     </span>
     <span class='ocr_line' id='line_1_7' title="bbox 278 529 1565 581; baseline 0 -13"><span class='ocrx_word' id='word_1_38' title='bbox 278 531 503 581; x_wconf 86' lang='lat' dir='ltr'>principum</span> <span class='ocrx_word' id='word_1_39' title='bbox 530 529 700 577; x_wconf 80' lang='lat' dir='ltr'>fiebant3</span> <span class='ocrx_word' id='word_1_40' title='bbox 738 531 860 568; x_wconf 90' lang='lat' dir='ltr'>immo</span> <span class='ocrx_word' id='word_1_41' title='bbox 887 529 946 568; x_wconf 82' lang='lat' dir='ltr'>his</span> <span class='ocrx_word' id='word_1_42' title='bbox 978 529 1077 569; x_wconf 87' lang='lat' dir='ltr'>ultro</span> <span class='ocrx_word' id='word_1_43' title='bbox 1109 529 1233 569; x_wconf 90' lang='lat' dir='ltr'>honor</span> <span class='ocrx_word' id='word_1_44' title='bbox 1260 532 1295 569; x_wconf 79' lang='lat'>&amp;</span> <span class='ocrx_word' id='word_1_45' title='bbox 1327 531 1565 569; x_wconf 59' lang='lat' dir='ltr'>emolumenss</span> 
     </span>
     <span class='ocr_line' id='line_1_8' title="bbox 276 589 1564 642; baseline 0.001 -13"><span class='ocrx_word' id='word_1_46' title='bbox 276 597 362 629; x_wconf 87' lang='lat' dir='ltr'>tum</span> <span class='ocrx_word' id='word_1_47' title='bbox 388 589 642 640; x_wconf 82' lang='lat' dir='ltr'>adjiciebatur</span> <span class='ocrx_word' id='word_1_48' title='bbox 665 621 677 636; x_wconf 93' lang='lat'>‚</span> <span class='ocrx_word' id='word_1_49' title='bbox 713 591 818 640; x_wconf 91' lang='lat' dir='ltr'>quod</span> <span class='ocrx_word' id='word_1_50' title='bbox 853 604 900 631; x_wconf 80' lang='lat' dir='ltr'>ex</span> <span class='ocrx_word' id='word_1_51' title='bbox 937 604 1071 631; x_wconf 88' lang='lat' dir='ltr'>eorum</span> <span class='ocrx_word' id='word_1_52' title='bbox 1104 605 1263 630; x_wconf 89' lang='lat' dir='ltr'>numero</span> <span class='ocrx_word' id='word_1_53' title='bbox 1293 592 1426 642; x_wconf 86' lang='lat' dir='ltr'>viginti</span> <span class='ocrx_word' id='word_1_54' title='bbox 1461 593 1564 630; x_wconf 88' lang='lat' dir='ltr'>viros</span> 
     </span>
     <span class='ocr_line' id='line_1_9' title="bbox 278 653 1563 704; baseline -0.002 -11"><span class='ocrx_word' id='word_1_55' title='bbox 278 654 499 693; x_wconf 83' lang='lat' dir='ltr'>dividundis</span> <span class='ocrx_word' id='word_1_56' title='bbox 523 655 616 703; x_wconf 78' lang='lat' dir='ltr'>agris</span> <span class='ocrx_word' id='word_1_57' title='bbox 642 653 796 692; x_wconf 85' lang='lat' dir='ltr'>creabat</span> <span class='ocrx_word' id='word_1_58' title='bbox 817 654 959 701; x_wconf 81' lang='lat' dir='ltr'>Caesar,</span> <span class='ocrx_word' id='word_1_59' title='bbox 995 655 1109 704; x_wconf 87' lang='lat' dir='ltr'>seque</span> <span class='ocrx_word' id='word_1_60' title='bbox 1139 654 1368 694; x_wconf 88' lang='lat' dir='ltr'>nominatim</span> <span class='ocrx_word' id='word_1_61' title='bbox 1395 654 1563 703; x_wconf 82' lang='lat' dir='ltr'>excipie-</span> 
     </span>
     <span class='ocr_line' id='line_1_10' title="bbox 277 715 1563 767; baseline -0.002 -10"><span class='ocrx_word' id='word_1_62' title='bbox 277 717 374 765; x_wconf 87' lang='lat' dir='ltr'>bat;</span> <span class='ocrx_word' id='word_1_63' title='bbox 411 731 461 756; x_wconf 89' lang='lat' dir='ltr'>ne</span> <span class='ocrx_word' id='word_1_64' title='bbox 494 716 640 755; x_wconf 83' lang='lat' dir='ltr'>scilicet</span> <span class='ocrx_word' id='word_1_65' title='bbox 677 716 787 756; x_wconf 86' lang='lat' dir='ltr'>suum</span> <span class='ocrx_word' id='word_1_66' title='bbox 830 717 871 754; x_wconf 89' lang='lat' dir='ltr'>in</span> <span class='ocrx_word' id='word_1_67' title='bbox 908 715 1019 755; x_wconf 89' lang='lat' dir='ltr'>usum</span> <span class='ocrx_word' id='word_1_68' title='bbox 1054 716 1198 767; x_wconf 90' lang='lat' dir='ltr'>aliquid</span> <span class='ocrx_word' id='word_1_69' title='bbox 1235 717 1333 756; x_wconf 82' lang='lat' dir='ltr'>ferre</span> <span class='ocrx_word' id='word_1_70' title='bbox 1368 716 1563 755; x_wconf 83' lang='lat' dir='ltr'>existima-</span> 
     </span>
     <span class='ocr_line' id='line_1_11' title="bbox 278 788 392 819; baseline -0.009 0"><span class='ocrx_word' id='word_1_71' title='bbox 278 788 392 819; x_wconf 87' lang='lat' dir='ltr'>retur.</span> 
     </span>
    </p>

    <p class='ocr_par' dir='ltr' id='par_1_3' title="bbox 225 838 1565 1509">
     <span class='ocr_line' id='line_1_12' title="bbox 330 838 1563 890; baseline -0.002 -9"><span class='ocrx_word' id='word_1_72' title='bbox 330 838 536 881; x_wconf 87' lang='lat' dir='ltr'>LXXXII.</span> <span class='ocrx_word' id='word_1_73' title='bbox 575 839 710 880; x_wconf 83' lang='lat' dir='ltr'>Cetera</span> <span class='ocrx_word' id='word_1_74' title='bbox 734 853 888 890; x_wconf 90' lang='lat' dir='ltr'>quoque</span> <span class='ocrx_word' id='word_1_75' title='bbox 913 840 968 878; x_wconf 86' lang='lat' dir='ltr'>ita</span> <span class='ocrx_word' id='word_1_76' title='bbox 992 839 1218 890; x_wconf 75' lang='lat' dir='ltr'>complexus</span> <span class='ocrx_word' id='word_1_77' title='bbox 1243 847 1323 879; x_wconf 89' lang='lat' dir='ltr'>erat</span> <span class='ocrx_word' id='word_1_78' title='bbox 1338 870 1349 888; x_wconf 91' lang='lat'>‚</span> <span class='ocrx_word' id='word_1_79' title='bbox 1369 846 1411 878; x_wconf 90' lang='lat' dir='ltr'>ut</span> <span class='ocrx_word' id='word_1_80' title='bbox 1437 852 1563 890; x_wconf 88' lang='lat' dir='ltr'>neque</span> 
     </span>
     <span class='ocr_line' id='line_1_13' title="bbox 274 902 1563 957; baseline -0.002 -14"><span class='ocrx_word' id='word_1_81' title='bbox 274 904 519 957; x_wconf 80' lang='lat' dir='ltr'>prudentiam</span> <span class='ocrx_word' id='word_1_82' title='bbox 535 935 546 952; x_wconf 83' lang='lat'><strong>‚</strong></span> <span class='ocrx_word' id='word_1_83' title='bbox 567 916 694 954; x_wconf 89' lang='lat' dir='ltr'>neque</span> <span class='ocrx_word' id='word_1_84' title='bbox 715 902 933 954; x_wconf 83' lang='lat' dir='ltr'>aequitatem</span> <span class='ocrx_word' id='word_1_85' title='bbox 962 903 1201 943; x_wconf 80' lang='lat' dir='ltr'>desiderares.</span> <span class='ocrx_word' id='word_1_86' title='bbox 1231 903 1417 941; x_wconf 83' lang='lat' dir='ltr'>Publicum</span> <span class='ocrx_word' id='word_1_87' title='bbox 1441 916 1563 954; x_wconf 81' lang='lat' dir='ltr'>agrum</span> 
     </span>
     <span class='ocr_line' id='line_1_14' title="bbox 272 958 1565 1018; baseline -0.006 -12"><span class='ocrx_word' id='word_1_88' title='bbox 272 958 404 1007; x_wconf 63' lang='lat' dir='ltr'>emnem</span> <span class='ocrx_word' id='word_1_89' title='bbox 429 965 653 1014; x_wconf 84' lang='lat' dir='ltr'>dividebat,</span> <span class='ocrx_word' id='word_1_90' title='bbox 685 968 862 1018; x_wconf 81' lang='lat' dir='ltr'>Campano</span> <span class='ocrx_word' id='word_1_91' title='bbox 878 995 889 1013; x_wconf 83' lang='lat'><strong>‚</strong></span> <span class='ocrx_word' id='word_1_92' title='bbox 909 966 950 1003; x_wconf 84' lang='lat' dir='ltr'>ob</span> <span class='ocrx_word' id='word_1_93' title='bbox 969 965 1203 1018; x_wconf 65' lang='lat' dir='ltr'>praestantiam</span> <span class='ocrx_word' id='word_1_94' title='bbox 1225 964 1374 1016; x_wconf 77' lang='lat' dir='ltr'>regionis</span> <span class='ocrx_word' id='word_1_95' title='bbox 1388 994 1399 1011; x_wconf 89' lang='lat'><strong>‚</strong></span> <span class='ocrx_word' id='word_1_96' title='bbox 1420 965 1470 1001; x_wconf 86' lang='lat' dir='ltr'>ad</span> <span class='ocrx_word' id='word_1_97' title='bbox 1478 965 1565 1016; x_wconf 76' lang='lat' dir='ltr'>sicb-</span> 
     </span>
     <span class='ocr_line' id='line_1_15' title="bbox 265 1024 1562 1081; baseline -0.002 -17"><span class='ocrx_word' id='word_1_98' title='bbox 265 1028 364 1081; x_wconf 81' lang='lat' dir='ltr'>fidia</span> <span class='ocrx_word' id='word_1_99' title='bbox 389 1027 581 1079; x_wconf 79' lang='lat' dir='ltr'>reipublicae</span> <span class='ocrx_word' id='word_1_100' title='bbox 609 1026 777 1078; x_wconf 79' lang='lat' dir='ltr'>reservato</span> <span class='ocrx_word' id='word_1_101' title='bbox 802 1041 813 1065; x_wconf 89' lang='grc'>.·</span> <span class='ocrx_word' id='word_1_102' title='bbox 838 1026 1019 1077; x_wconf 69' lang='lat' dir='ltr'>privatum</span> <span class='ocrx_word' id='word_1_103' title='bbox 1047 1039 1116 1062; x_wconf 83' lang='lat' dir='ltr'>non</span> <span class='ocrx_word' id='word_1_104' title='bbox 1140 1025 1208 1075; x_wconf 82' lang='lat' dir='ltr'>nisi</span> <span class='ocrx_word' id='word_1_105' title='bbox 1227 1039 1250 1061; x_wconf 87' lang='lat' dir='ltr'>a</span> <span class='ocrx_word' id='word_1_106' title='bbox 1276 1025 1471 1062; x_wconf 75' lang='lat' dir='ltr'>volentibus</span> <span class='ocrx_word' id='word_1_107' title='bbox 1496 1024 1562 1062; x_wconf 75' lang='lat' dir='ltr'>emi</span> 
     </span>
     <span class='ocr_line' id='line_1_16' title="bbox 225 1087 1564 1142; baseline -0.004 -13"><span class='ocrx_word' id='word_1_108' title='bbox 225 1131 227 1133; x_wconf 76' lang='grc'><strong>,</strong></span> <span class='ocrx_word' id='word_1_109' title='bbox 271 1090 456 1140; x_wconf 75' lang='lat' dir='ltr'>jubebat3</span> <span class='ocrx_word' id='word_1_110' title='bbox 484 1104 590 1142; x_wconf 85' lang='lat' dir='ltr'>neque</span> <span class='ocrx_word' id='word_1_111' title='bbox 610 1089 758 1126; x_wconf 81' lang='lat' dir='ltr'>minoris</span> <span class='ocrx_word' id='word_1_112' title='bbox 773 1087 953 1141; x_wconf 73' lang='lat' dir='ltr'>plzcrz‘sve,</span> <span class='ocrx_word' id='word_1_113' title='bbox 980 1101 1082 1139; x_wconf 83' lang='lat' dir='ltr'>quam</span> <span class='ocrx_word' id='word_1_114' title='bbox 1111 1087 1297 1138; x_wconf 61' lang='lat' dir='ltr'>&lt;estimatus</span> <span class='ocrx_word' id='word_1_115' title='bbox 1324 1087 1361 1123; x_wconf 76' lang='lat' dir='ltr'>in</span> <span class='ocrx_word' id='word_1_116' title='bbox 1386 1088 1487 1139; x_wconf 75' lang='lat' dir='ltr'>censu</span> <span class='ocrx_word' id='word_1_117' title='bbox 1510 1087 1564 1139; x_wconf 85' lang='lat' dir='ltr'>es-</span> 
     </span>
     <span class='ocr_line' id='line_1_17' title="bbox 269 1146 1562 1205; baseline -0.003 -16"><span class='ocrx_word' id='word_1_118' title='bbox 269 1153 337 1205; x_wconf 70' lang='lat' dir='ltr'>fit.</span> <span class='ocrx_word' id='word_1_119' title='bbox 357 1151 562 1191; x_wconf 81' lang='lat' dir='ltr'>Pecuniam</span> <span class='ocrx_word' id='word_1_120' title='bbox 586 1157 714 1189; x_wconf 86' lang='lat' dir='ltr'>autem</span> <span class='ocrx_word' id='word_1_121' title='bbox 735 1148 882 1188; x_wconf 82' lang='lat' dir='ltr'>affatim</span> <span class='ocrx_word' id='word_1_122' title='bbox 905 1146 1215 1187; x_wconf 88' lang='lat' dir='ltr'>subministrabat</span> <span class='ocrx_word' id='word_1_123' title='bbox 1235 1159 1324 1185; x_wconf 90' lang='lat' dir='ltr'>cum</span> <span class='ocrx_word' id='word_1_124' title='bbox 1345 1146 1562 1197; x_wconf 79' lang='lat' dir='ltr'>triumphus</span> 
     </span>
     <span class='ocr_line' id='line_1_18' title="bbox 272 1208 1563 1262; baseline -0.005 -10"><span class='ocrx_word' id='word_1_125' title='bbox 272 1213 477 1262; x_wconf 78' lang='lat' dir='ltr'>Pompeii,</span> <span class='ocrx_word' id='word_1_126' title='bbox 508 1220 593 1250; x_wconf 91' lang='lat' dir='ltr'>tum</span> <span class='ocrx_word' id='word_1_127' title='bbox 616 1224 747 1250; x_wconf 87' lang='lat' dir='ltr'>recens</span> <span class='ocrx_word' id='word_1_128' title='bbox 776 1210 823 1250; x_wconf 87' lang='lat' dir='ltr'>ab</span> <span class='ocrx_word' id='word_1_129' title='bbox 849 1224 894 1249; x_wconf 90' lang='lat' dir='ltr'>eo</span> <span class='ocrx_word' id='word_1_130' title='bbox 923 1210 1127 1249; x_wconf 82' lang='lat' dir='ltr'>constituta</span> <span class='ocrx_word' id='word_1_131' title='bbox 1155 1208 1385 1259; x_wconf 52' lang='lat' dir='ltr'>vectigalia:</span> <span class='ocrx_word' id='word_1_132' title='bbox 1414 1224 1487 1261; x_wconf 79' lang='lat' dir='ltr'>quae</span> <span class='ocrx_word' id='word_1_133' title='bbox 1508 1210 1563 1247; x_wconf 83' lang='lat' dir='ltr'>ci-</span> 
     </span>
     <span class='ocr_line' id='line_1_19' title="bbox 274 1271 1562 1327; baseline -0.003 -13"><span class='ocrx_word' id='word_1_134' title='bbox 274 1276 373 1314; x_wconf 79' lang='lat' dir='ltr'>vium</span> <span class='ocrx_word' id='word_1_135' title='bbox 404 1276 544 1326; x_wconf 82' lang='lat' dir='ltr'>usibus,</span> <span class='ocrx_word' id='word_1_136' title='bbox 576 1289 716 1327; x_wconf 76' lang='lat' dir='ltr'>quorum</span> <span class='ocrx_word' id='word_1_137' title='bbox 749 1276 783 1313; x_wconf 66' lang='grc' dir='ltr'>δ’</span> <span class='ocrx_word' id='word_1_138' title='bbox 814 1274 980 1327; x_wconf 79' lang='lat' dir='ltr'>periculis</span> <span class='ocrx_word' id='word_1_139' title='bbox 1000 1285 1106 1325; x_wconf 76' lang='lat' dir='ltr'>parta</span> <span class='ocrx_word' id='word_1_140' title='bbox 1129 1271 1273 1324; x_wconf 81' lang='lat' dir='ltr'>forent,</span> <span class='ocrx_word' id='word_1_141' title='bbox 1300 1286 1368 1309; x_wconf 75' lang='lat' dir='ltr'>non</span> <span class='ocrx_word' id='word_1_142' title='bbox 1396 1271 1562 1310; x_wconf 86' lang='lat' dir='ltr'>immerito</span> 
     </span>
     <span class='ocr_line' id='line_1_20' title="bbox 274 1331 1560 1387; baseline -0.003 -13"><span class='ocrx_word' id='word_1_143' title='bbox 274 1334 430 1375; x_wconf 86' lang='lat' dir='ltr'>dicebat</span> <span class='ocrx_word' id='word_1_144' title='bbox 451 1335 616 1387; x_wconf 81' lang='lat' dir='ltr'>impendi.</span> <span class='ocrx_word' id='word_1_145' title='bbox 650 1335 740 1373; x_wconf 88' lang='lat' dir='ltr'>Haec</span> <span class='ocrx_word' id='word_1_146' title='bbox 762 1348 917 1372; x_wconf 71' lang='lat' dir='ltr'>utrumne</span> <span class='ocrx_word' id='word_1_147' title='bbox 929 1334 1079 1386; x_wconf 78' lang='lat' dir='ltr'>placeret</span> <span class='ocrx_word' id='word_1_148' title='bbox 1089 1332 1179 1385; x_wconf 72' lang='lat' dir='ltr'>flem&#39;</span> <span class='ocrx_word' id='word_1_149' title='bbox 1191 1361 1201 1378; x_wconf 89' lang='lat'>‚</span> <span class='ocrx_word' id='word_1_150' title='bbox 1220 1331 1383 1382; x_wconf 73' lang='lat' dir='ltr'>singulos</span> <span class='ocrx_word' id='word_1_151' title='bbox 1402 1331 1560 1370; x_wconf 82' lang='lat' dir='ltr'>interro-</span> 
     </span>
     <span class='ocr_line' id='line_1_21' title="bbox 268 1393 1563 1449; baseline -0.004 -13"><span class='ocrx_word' id='word_1_152' title='bbox 268 1395 406 1447; x_wconf 82' lang='lat' dir='ltr'>gabat3</span> <span class='ocrx_word' id='word_1_153' title='bbox 427 1398 644 1435; x_wconf 64' lang='lat' dir='ltr'>correblurum</span> <span class='ocrx_word' id='word_1_154' title='bbox 656 1425 668 1442; x_wconf 92' lang='lat'><em>‚</em></span> <span class='ocrx_word' id='word_1_155' title='bbox 682 1397 720 1446; x_wconf 88' lang='lat' dir='ltr'><em>fi</em></span> <span class='ocrx_word' id='word_1_156' title='bbox 741 1396 826 1448; x_wconf 80' lang='lat' dir='ltr'>quid</span> <span class='ocrx_word' id='word_1_157' title='bbox 853 1397 958 1449; x_wconf 79' lang='lat' dir='ltr'>secus</span> <span class='ocrx_word' id='word_1_158' title='bbox 971 1395 1140 1448; x_wconf 77' lang='lat' dir='ltr'>ftripmm</span> <span class='ocrx_word' id='word_1_159' title='bbox 1157 1393 1354 1440; x_wconf 78' lang='lat' dir='ltr'>videretur,</span> <span class='ocrx_word' id='word_1_160' title='bbox 1375 1405 1439 1431; x_wconf 79' lang='lat' dir='ltr'>aut</span> <span class='ocrx_word' id='word_1_161' title='bbox 1453 1393 1563 1446; x_wconf 80' lang='lat' dir='ltr'>plane</span> 
     </span>
     <span class='ocr_line' id='line_1_22' title="bbox 271 1458 719 1509; baseline -0.002 -11"><span class='ocrx_word' id='word_1_162' title='bbox 271 1460 482 1506; x_wconf 82' lang='lat' dir='ltr'>deleturum,</span> <span class='ocrx_word' id='word_1_163' title='bbox 510 1458 719 1509; x_wconf 72' lang='lat' dir='ltr'>pollicitus.</span> 
     </span>
    </p>

    <p class='ocr_par' dir='ltr' id='par_1_4' title="bbox 266 1515 1561 2308">
     <span class='ocr_line' id='line_1_23' title="bbox 326 1515 1561 1569; baseline -0.006 -8"><span class='ocrx_word' id='word_1_164' title='bbox 326 1520 553 1561; x_wconf 87' lang='lat' dir='ltr'>LXXXIII.</span> <span class='ocrx_word' id='word_1_165' title='bbox 589 1520 677 1569; x_wconf 88' lang='lat' dir='ltr'>Illi,</span> <span class='ocrx_word' id='word_1_166' title='bbox 704 1533 793 1560; x_wconf 91' lang='lat' dir='ltr'>cum</span> <span class='ocrx_word' id='word_1_167' title='bbox 821 1532 894 1559; x_wconf 88' lang='lat' dir='ltr'>nec</span> <span class='ocrx_word' id='word_1_168' title='bbox 929 1518 1101 1558; x_wconf 85' lang='lat' dir='ltr'>incusare</span> <span class='ocrx_word' id='word_1_169' title='bbox 1132 1517 1258 1568; x_wconf 80' lang='lat' dir='ltr'>legem</span> <span class='ocrx_word' id='word_1_170' title='bbox 1288 1515 1460 1567; x_wconf 76' lang='lat' dir='ltr'>possent,</span> <span class='ocrx_word' id='word_1_171' title='bbox 1489 1528 1561 1555; x_wconf 81' lang='lat' dir='ltr'>nee</span> 
     </span>
     <span class='ocr_line' id='line_1_24' title="bbox 268 1580 1561 1635; baseline -0.004 -12"><span class='ocrx_word' id='word_1_172' title='bbox 268 1583 357 1623; x_wconf 84' lang='lat' dir='ltr'>ferri</span> <span class='ocrx_word' id='word_1_173' title='bbox 384 1583 548 1633; x_wconf 86' lang='lat' dir='ltr'>vellent,</span> <span class='ocrx_word' id='word_1_174' title='bbox 579 1583 758 1634; x_wconf 77' lang='lat' dir='ltr'>promisso</span> <span class='ocrx_word' id='word_1_175' title='bbox 777 1614 788 1632; x_wconf 96' lang='lat'>,</span> <span class='ocrx_word' id='word_1_176' title='bbox 808 1586 973 1622; x_wconf 64' lang='lat' dir='ltr'>aufflorem</span> <span class='ocrx_word' id='word_1_177' title='bbox 989 1583 1149 1635; x_wconf 81' lang='lat' dir='ltr'>senatum</span> <span class='ocrx_word' id='word_1_178' title='bbox 1168 1581 1269 1633; x_wconf 62' lang='lat' dir='ltr'>fure,</span> <span class='ocrx_word' id='word_1_179' title='bbox 1301 1580 1461 1630; x_wconf 77' lang='lat' dir='ltr'>quaefitis</span> <span class='ocrx_word' id='word_1_180' title='bbox 1491 1581 1561 1619; x_wconf 75' lang='lat' dir='ltr'>im-</span> 
     </span>
     <span class='ocr_line' id='line_1_25' title="bbox 271 1642 1560 1697; baseline -0.004 -12"><span class='ocrx_word' id='word_1_181' title='bbox 271 1645 511 1697; x_wconf 88' lang='lat' dir='ltr'>pedimentis</span> <span class='ocrx_word' id='word_1_182' title='bbox 537 1646 797 1686; x_wconf 88' lang='lat' dir='ltr'>morabantur.</span> <span class='ocrx_word' id='word_1_183' title='bbox 834 1648 884 1686; x_wconf 84' lang='lat' dir='ltr'>At</span> <span class='ocrx_word' id='word_1_184' title='bbox 909 1646 1003 1685; x_wconf 84' lang='lat' dir='ltr'>Cato</span> <span class='ocrx_word' id='word_1_185' title='bbox 1030 1657 1099 1695; x_wconf 90' lang='lat' dir='ltr'>pro</span> <span class='ocrx_word' id='word_1_186' title='bbox 1131 1644 1307 1683; x_wconf 86' lang='lat' dir='ltr'>libertate</span> <span class='ocrx_word' id='word_1_187' title='bbox 1332 1643 1475 1693; x_wconf 79' lang='lat' dir='ltr'>ingenii</span> <span class='ocrx_word' id='word_1_188' title='bbox 1504 1642 1560 1681; x_wconf 75' lang='lat' dir='ltr'>sui</span> 
     </span>
     <span class='ocr_line' id='line_1_26' title="bbox 269 1703 1560 1760; baseline -0.002 -14"><span class='ocrx_word' id='word_1_189' title='bbox 269 1707 397 1760; x_wconf 83' lang='lat' dir='ltr'>palam</span> <span class='ocrx_word' id='word_1_190' title='bbox 414 1738 425 1755; x_wconf 84' lang='lat'>.,</span> <span class='ocrx_word' id='word_1_191' title='bbox 444 1722 525 1758; x_wconf 79' lang='lat' dir='ltr'>quae</span> <span class='ocrx_word' id='word_1_192' title='bbox 553 1707 731 1755; x_wconf 82' lang='lat' dir='ltr'>sentiret,</span> <span class='ocrx_word' id='word_1_193' title='bbox 749 1706 972 1757; x_wconf 83' lang='lat' dir='ltr'>praeferens‚</span> <span class='ocrx_word' id='word_1_194' title='bbox 996 1705 1120 1755; x_wconf 85' lang='lat' dir='ltr'>legem</span> <span class='ocrx_word' id='word_1_195' title='bbox 1145 1717 1224 1743; x_wconf 89' lang='lat' dir='ltr'>non</span> <span class='ocrx_word' id='word_1_196' title='bbox 1248 1703 1454 1743; x_wconf 86' lang='lat' dir='ltr'>damnabat</span> <span class='ocrx_word' id='word_1_197' title='bbox 1470 1717 1482 1751; x_wconf 75' lang='lat'>3</span> <span class='ocrx_word' id='word_1_198' title='bbox 1498 1715 1560 1743; x_wconf 91' lang='lat' dir='ltr'>ce·</span> 
     </span>
     <span class='ocr_line' id='line_1_27' title="bbox 271 1764 1559 1818; baseline -0.003 -13"><span class='ocrx_word' id='word_1_199' title='bbox 271 1774 399 1806; x_wconf 89' lang='lat' dir='ltr'>terum</span> <span class='ocrx_word' id='word_1_200' title='bbox 432 1766 618 1818; x_wconf 86' lang='lat' dir='ltr'>negabat,</span> <span class='ocrx_word' id='word_1_201' title='bbox 645 1782 688 1805; x_wconf 86' lang='lat' dir='ltr'>ex</span> <span class='ocrx_word' id='word_1_202' title='bbox 723 1768 799 1814; x_wconf 73' lang='lat' dir='ltr'>liis,</span> <span class='ocrx_word' id='word_1_203' title='bbox 826 1781 900 1818; x_wconf 75' lang='lat' dir='ltr'>qua:</span> <span class='ocrx_word' id='word_1_204' title='bbox 926 1777 1028 1804; x_wconf 81' lang='lat' dir='ltr'>antea</span> <span class='ocrx_word' id='word_1_205' title='bbox 1058 1765 1241 1814; x_wconf 74' lang='lat' dir='ltr'>constituta</span> <span class='ocrx_word' id='word_1_206' title='bbox 1276 1764 1402 1816; x_wconf 80' lang='lat' dir='ltr'>effent,</span> <span class='ocrx_word' id='word_1_207' title='bbox 1431 1764 1559 1803; x_wconf 75' lang='lat' dir='ltr'>moveri</span> 
     </span>
     <span class='ocr_line' id='line_1_28' title="bbox 271 1823 1559 1882; baseline -0.002 -16"><span class='ocrx_word' id='word_1_208' title='bbox 271 1829 461 1881; x_wconf 75' lang='lat' dir='ltr'>quidquam</span> <span class='ocrx_word' id='word_1_209' title='bbox 488 1841 649 1882; x_wconf 82' lang='lat' dir='ltr'>oportere.</span> <span class='ocrx_word' id='word_1_210' title='bbox 680 1827 924 1877; x_wconf 85' lang='lat' dir='ltr'>ducebatque</span> <span class='ocrx_word' id='word_1_211' title='bbox 946 1826 1113 1871; x_wconf 84' lang='lat' dir='ltr'>dicendo</span> <span class='ocrx_word' id='word_1_212' title='bbox 1136 1825 1239 1863; x_wconf 89' lang='lat' dir='ltr'>diem</span> <span class='ocrx_word' id='word_1_213' title='bbox 1254 1856 1264 1872; x_wconf 93' lang='lat'><strong>‚</strong></span> <span class='ocrx_word' id='word_1_214' title='bbox 1282 1837 1329 1862; x_wconf 91' lang='lat' dir='ltr'>ne</span> <span class='ocrx_word' id='word_1_215' title='bbox 1349 1823 1477 1874; x_wconf 83' lang='lat' dir='ltr'>perfici</span> <span class='ocrx_word' id='word_1_216' title='bbox 1501 1836 1559 1863; x_wconf 83' lang='lat' dir='ltr'>res</span> 
     </span>
     <span class='ocr_line' id='line_1_29' title="bbox 269 1885 1560 1940; baseline -0.002 -12"><span class='ocrx_word' id='word_1_217' title='bbox 269 1902 314 1928; x_wconf 87' lang='lat' dir='ltr'>ea</span> <span class='ocrx_word' id='word_1_218' title='bbox 336 1888 479 1939; x_wconf 83' lang='lat' dir='ltr'>posset:</span> <span class='ocrx_word' id='word_1_219' title='bbox 505 1891 650 1940; x_wconf 91' lang='lat' dir='ltr'>quippe</span> <span class='ocrx_word' id='word_1_220' title='bbox 673 1888 902 1928; x_wconf 84' lang='lat' dir='ltr'>sententiam</span> <span class='ocrx_word' id='word_1_221' title='bbox 925 1896 1060 1938; x_wconf 83' lang='lat' dir='ltr'>rogato</span> <span class='ocrx_word' id='word_1_222' title='bbox 1082 1886 1244 1926; x_wconf 84' lang='lat' dir='ltr'>senatori</span> <span class='ocrx_word' id='word_1_223' title='bbox 1273 1886 1415 1925; x_wconf 89' lang='lat' dir='ltr'>licebat</span> <span class='ocrx_word' id='word_1_224' title='bbox 1442 1885 1560 1926; x_wconf 86' lang='lat' dir='ltr'>etiam</span> 
     </span>
     <span class='ocr_line' id='line_1_30' title="bbox 266 1947 1561 2000; baseline -0.002 -10"><span class='ocrx_word' id='word_1_225' title='bbox 266 1950 350 1990; x_wconf 81' lang='lat' dir='ltr'>aliis</span> <span class='ocrx_word' id='word_1_226' title='bbox 375 1951 423 1990; x_wconf 90' lang='lat' dir='ltr'>de</span> <span class='ocrx_word' id='word_1_227' title='bbox 441 1950 572 1999; x_wconf 82' lang='lat' dir='ltr'>rebus,</span> <span class='ocrx_word' id='word_1_228' title='bbox 588 1951 718 2000; x_wconf 83' lang='lat' dir='ltr'>quoad</span> <span class='ocrx_word' id='word_1_229' title='bbox 737 1950 867 1997; x_wconf 80' lang='lat' dir='ltr'>vellet,</span> <span class='ocrx_word' id='word_1_230' title='bbox 887 1950 1072 1989; x_wconf 85' lang='lat' dir='ltr'>disserere.</span> <span class='ocrx_word' id='word_1_231' title='bbox 1097 1949 1199 1989; x_wconf 85' lang='lat' dir='ltr'>Tum</span> <span class='ocrx_word' id='word_1_232' title='bbox 1216 1947 1357 1996; x_wconf 74' lang='lat' dir='ltr'>Caesar,</span> <span class='ocrx_word' id='word_1_233' title='bbox 1379 1948 1429 1986; x_wconf 85' lang='lat' dir='ltr'>ira</span> <span class='ocrx_word' id='word_1_234' title='bbox 1455 1959 1561 1987; x_wconf 51' lang='lat' dir='ltr'>com„-</span> 
     </span>
     <span class='ocr_line' id='line_1_31' title="bbox 269 2008 1559 2061; baseline -0.006 -9"><span class='ocrx_word' id='word_1_235' title='bbox 269 2020 400 2052; x_wconf 86' lang='lat' dir='ltr'>motus</span> <span class='ocrx_word' id='word_1_236' title='bbox 416 2044 430 2061; x_wconf 88' lang='lat'><em>,</em></span> <span class='ocrx_word' id='word_1_237' title='bbox 456 2012 564 2052; x_wconf 74' lang='lat' dir='ltr'>simul</span> <span class='ocrx_word' id='word_1_238' title='bbox 589 2021 633 2052; x_wconf 89' lang='lat' dir='ltr'>ut</span> <span class='ocrx_word' id='word_1_239' title='bbox 657 2013 791 2051; x_wconf 81' lang='lat' dir='ltr'>ceteris</span> <span class='ocrx_word' id='word_1_240' title='bbox 815 2013 1003 2050; x_wconf 84' lang='lat' dir='ltr'>incuteret</span> <span class='ocrx_word' id='word_1_241' title='bbox 1034 2019 1180 2049; x_wconf 89' lang='lat' dir='ltr'>metum</span> <span class='ocrx_word' id='word_1_242' title='bbox 1196 2039 1206 2056; x_wconf 78' lang='lat'><em>‚</em></span> <span class='ocrx_word' id='word_1_243' title='bbox 1237 2011 1397 2049; x_wconf 77' lang='lat' dir='ltr'>Catonern</span> <span class='ocrx_word' id='word_1_244' title='bbox 1417 2008 1559 2045; x_wconf 73' lang='lat' dir='ltr'>extrahi</span> 
     </span>
     <span class='ocr_line' id='line_1_32' title="bbox 268 2067 1559 2126; baseline -0.005 -14"><span class='ocrx_word' id='word_1_245' title='bbox 268 2075 369 2112; x_wconf 66' lang='lat' dir='ltr'>curia</span> <span class='ocrx_word' id='word_1_246' title='bbox 393 2089 455 2126; x_wconf 81' lang='lat' dir='ltr'>per</span> <span class='ocrx_word' id='word_1_247' title='bbox 486 2075 655 2121; x_wconf 71' lang='lat' dir='ltr'>liHorem,</span> <span class='ocrx_word' id='word_1_248' title='bbox 682 2075 829 2125; x_wconf 75' lang='lat' dir='ltr'>ducique</span> <span class='ocrx_word' id='word_1_249' title='bbox 851 2074 886 2111; x_wconf 82' lang='lat' dir='ltr'>in</span> <span class='ocrx_word' id='word_1_250' title='bbox 907 2087 1071 2112; x_wconf 72' lang='lat' dir='ltr'>carcerem</span> <span class='ocrx_word' id='word_1_251' title='bbox 1086 2103 1096 2119; x_wconf 94' lang='lat'>‚</span> <span class='ocrx_word' id='word_1_252' title='bbox 1113 2070 1226 2120; x_wconf 73' lang='lat' dir='ltr'>jussit.</span> <span class='ocrx_word' id='word_1_253' title='bbox 1252 2082 1339 2108; x_wconf 78' lang='lat' dir='ltr'>nam</span> <span class='ocrx_word' id='word_1_254' title='bbox 1365 2067 1472 2107; x_wconf 80' lang='lat' dir='ltr'>illum</span> <span class='ocrx_word' id='word_1_255' title='bbox 1492 2068 1559 2106; x_wconf 80' lang='lat' dir='ltr'>tri-</span> 
     </span>
     <span class='ocr_line' id='line_1_33' title="bbox 266 2129 1559 2185; baseline -0.005 -11"><span class='ocrx_word' id='word_1_256' title='bbox 266 2133 393 2174; x_wconf 83' lang='lat' dir='ltr'>bunos</span> <span class='ocrx_word' id='word_1_257' title='bbox 419 2134 702 2185; x_wconf 83' lang='lat' dir='ltr'>appellaturum</span> <span class='ocrx_word' id='word_1_258' title='bbox 733 2134 917 2184; x_wconf 85' lang='lat' dir='ltr'>sperabat.</span> <span class='ocrx_word' id='word_1_259' title='bbox 952 2134 1073 2181; x_wconf 85' lang='lat' dir='ltr'>Cato,</span> <span class='ocrx_word' id='word_1_260' title='bbox 1098 2132 1200 2171; x_wconf 89' lang='lat' dir='ltr'>nulla</span> <span class='ocrx_word' id='word_1_261' title='bbox 1225 2144 1319 2170; x_wconf 90' lang='lat' dir='ltr'>voce</span> <span class='ocrx_word' id='word_1_262' title='bbox 1341 2130 1448 2168; x_wconf 71' lang='lat' dir='ltr'>miss&#39;a</span> <span class='ocrx_word' id='word_1_263' title='bbox 1464 2160 1475 2175; x_wconf 94' lang='lat'><strong>,</strong></span> <span class='ocrx_word' id='word_1_264' title='bbox 1502 2129 1559 2168; x_wconf 54' lang='lat' dir='ltr'>ses-</span> 
     </span>
     <span class='ocr_line' id='line_1_34' title="bbox 268 2191 1553 2247; baseline -0.003 -13"><span class='ocrx_word' id='word_1_265' title='bbox 268 2195 458 2247; x_wconf 86' lang='lat' dir='ltr'>quebatur</span> <span class='ocrx_word' id='word_1_266' title='bbox 479 2209 488 2234; x_wconf 94' lang='lat'>:</span> <span class='ocrx_word' id='word_1_267' title='bbox 523 2208 650 2244; x_wconf 83' lang='lat' dir='ltr'>neque</span> <span class='ocrx_word' id='word_1_268' title='bbox 670 2195 809 2245; x_wconf 80' lang='lat' dir='ltr'>pauci,</span> <span class='ocrx_word' id='word_1_269' title='bbox 841 2195 970 2234; x_wconf 66' lang='lat' dir='ltr'>relieto</span> <span class='ocrx_word' id='word_1_270' title='bbox 996 2194 1150 2241; x_wconf 86' lang='lat' dir='ltr'>senatu,</span> <span class='ocrx_word' id='word_1_271' title='bbox 1172 2193 1333 2232; x_wconf 85' lang='lat' dir='ltr'>comites</span> <span class='ocrx_word' id='word_1_272' title='bbox 1357 2192 1390 2230; x_wconf 89' lang='lat' dir='ltr'>ei</span> <span class='ocrx_word' id='word_1_273' title='bbox 1418 2191 1553 2230; x_wconf 87' lang='lat' dir='ltr'>ibant:</span> 
     </span>
     <span class='ocr_line' id='line_1_35' title="bbox 267 2253 1557 2308; baseline -0.006 -12"><span class='ocrx_word' id='word_1_274' title='bbox 267 2269 431 2308; x_wconf 88' lang='lat' dir='ltr'>quorum</span> <span class='ocrx_word' id='word_1_275' title='bbox 463 2256 520 2296; x_wconf 88' lang='lat' dir='ltr'>M.</span> <span class='ocrx_word' id='word_1_276' title='bbox 546 2256 713 2305; x_wconf 86' lang='lat' dir='ltr'>Petrejus</span> <span class='ocrx_word' id='word_1_277' title='bbox 732 2286 743 2304; x_wconf 84' lang='lat'><em>‚</em></span> <span class='ocrx_word' id='word_1_278' title='bbox 764 2256 989 2307; x_wconf 86' lang='lat' dir='ltr'>objurgatus</span> <span class='ocrx_word' id='word_1_279' title='bbox 1020 2269 1041 2295; x_wconf 92' lang='lat' dir='ltr'>a</span> <span class='ocrx_word' id='word_1_280' title='bbox 1074 2253 1216 2295; x_wconf 78' lang='lat' dir='ltr'>Caesare</span> <span class='ocrx_word' id='word_1_281' title='bbox 1231 2285 1242 2303; x_wconf 94' lang='lat'>,</span> <span class='ocrx_word' id='word_1_282' title='bbox 1266 2254 1382 2306; x_wconf 84' lang='lat' dir='ltr'>quod,</span> <span class='ocrx_word' id='word_1_283' title='bbox 1406 2254 1557 2293; x_wconf 68' lang='lat' dir='ltr'>nondum</span> 
     </span>
    </p>
   </div>
   <div class='ocr_carea' id='block_1_3' title="bbox 260 2375 1557 2464">
    <p class='ocr_par' dir='ltr' id='par_1_5' title="bbox 260 2375 1557 2464">
     <span class='ocr_line' id='line_1_36' title="bbox 260 2375 1557 2462; baseline -0.002 -50"><span class='ocrx_word' id='word_1_284' title='bbox 260 2380 329 2462; x_wconf 57' lang='lat' dir='ltr'>mg</span> <span class='ocrx_word' id='word_1_285' title='bbox 355 2380 505 2458; x_wconf 50' lang='lat' dir='ltr'>LgXifl.</span> <span class='ocrx_word' id='word_1_286' title='bbox 531 2380 606 2415; x_wconf 73' lang='lat' dir='ltr'>Liv.</span> <span class='ocrx_word' id='word_1_287' title='bbox 620 2380 711 2425; x_wconf 76' lang='lat' dir='ltr'>Epit.</span> <span class='ocrx_word' id='word_1_288' title='bbox 728 2382 867 2415; x_wconf 82' lang='lat' dir='ltr'>Sueton.</span> <span class='ocrx_word' id='word_1_289' title='bbox 882 2381 916 2413; x_wconf 88' lang='lat' dir='ltr'>in</span> <span class='ocrx_word' id='word_1_290' title='bbox 938 2380 1023 2414; x_wconf 82' lang='lat' dir='ltr'>Caes.</span> <span class='ocrx_word' id='word_1_291' title='bbox 1045 2392 1075 2416; x_wconf 82' lang='lat' dir='ltr'>c.</span> <span class='ocrx_word' id='word_1_292' title='bbox 1091 2390 1147 2414; x_wconf 80' lang='lat'>20.</span> <span class='ocrx_word' id='word_1_293' title='bbox 1165 2378 1309 2414; x_wconf 65' lang='lat' dir='ltr'>Diodar.</span> <span class='ocrx_word' id='word_1_294' title='bbox 1335 2377 1357 2422; x_wconf 85' lang='lat'>§</span> <span class='ocrx_word' id='word_1_295' title='bbox 1381 2375 1557 2415; x_wconf 67' lang='lat' dir='ltr'>LXXXIL</span> 
     </span>
     <span class='ocr_line' id='line_1_37' title="bbox 302 2434 524 2464; baseline -0.018 -3"><span class='ocrx_word' id='word_1_296' title='bbox 302 2434 350 2464; x_wconf 75' lang='lat' dir='ltr'>ut.</span> <span class='ocrx_word' id='word_1_297' title='bbox 415 2437 524 2464; x_wconf 67' lang='lat' dir='ltr'>mter,</span> 
     </span>
    </p>
   </div>
  </div>
 </body>
</html>
