1675 2959
278 153 374 199 ,μω
447 138 541 186 10.
583 125 1077 185 FRmNsrst-„Mrr
1117 136 1467 185 SUPPLEM.

280 245 469 300 praemiffa
485 277 496 294 ‚
517 259 605 287 cum
626 246 798 295 equitatu
826 244 954 283 statim
978 243 1224 294 subsecutus,
1250 257 1318 295 per
1339 244 1471 289 media
1494 241 1564 281 ho-

282 308 396 348 stium
420 309 589 359 praefidia
624 308 778 347 intravit
805 306 951 346 urbem.
991 320 1064 347 nec
1093 309 1221 356 enim,
1244 308 1375 348 audito
1391 319 1438 346 eo
1462 318 1566 356 proeo

282 370 361 420 lio,
394 371 556 421 amplius
594 372 643 409 de
677 369 780 408 bello
810 369 1043 419 cogitaturos
1076 369 1333 419 prospexerat⁴
1370 376 1482 418 atque
1509 363 1567 404 illi

282 432 453 483 supplice
476 433 576 471 veste
610 431 813 483 gestuque,
842 429 954 469 sacris
980 428 1138 480 prolatis
1167 429 1348 468 omnibus
1365 459 1376 476 ‚
1404 438 1567 479 quorum
1598 435 1602 439 ·

284 494 468 545 ,religione
492 493 687 543 deprecari
721 492 952 532 offensorum
982 504 1114 542 regum
1143 491 1238 530 iram
1269 490 1568 537 consueverant,

236 554 238 557 ’
283 566 530 599 occurrerunt
549 556 717 603 victori,
747 556 913 606 fideique
941 557 1024 605 ejus
1052 554 1128 594 fine
1157 554 1387 603 exceptione
1412 552 1451 591 se
1477 564 1570 603 per-

282 619 478 658 miserunt.
519 617 736 657 Duodecim
768 617 898 657 adhuc
931 625 1165 656 armatorum
1191 614 1311 654 millia
1341 623 1472 662 erant,
1496 626 1570 652 na-

284 680 423 729 vesque
457 679 583 731 longae
619 680 866 731 septuaginta.
915 680 1009 719 Haec
1045 691 1186 719 novem
1224 678 1346 717 ferme
1383 674 1570 714 mensium

282 740 406 791 spatio
434 741 555 792 gesta:
596 742 695 780 intra
721 741 826 791 quod
853 750 1005 791 tempus
1038 742 1075 779 &
1100 740 1141 778 in
1169 739 1295 779 Africa
1325 737 1570 787 Pompejanae

283 811 410 854 partes
435 803 685 852 coaluerunt,
726 806 761 844 &
792 803 1003 844 Pharnaces
1036 811 1244 854 paternum
1273 813 1434 852 regnum
1458 809 1572 837 recu-

283 867 442 917 peravit.

341 927 562 969 LXXXIV.
587 928 642 968 M„
669 928 787 977 Cato,
809 941 900 968 cum
934 929 1080 981 ingenti
1113 941 1274 968 numero
1300 926 1455 966 navium
1480 923 1573 964 Cor-

287 1001 375 1038 cyra
402 988 594 1038 profectus
611 1019 622 1036 ‚
642 988 817 1040 Cyrenen
837 990 1022 1040 petierat,
1054 990 1181 1040 estque
1212 996 1386 1039 receptus
1411 985 1573 1036 arCyre-

286 1050 487 1097 nensibus,
513 1064 743 1101 quamquam
771 1052 940 1092 Labieno
965 1053 1100 1092 diebus
1124 1052 1271 1103 aliquot
1295 1062 1385 1091 ante
1409 1050 1571 1091 advecto

287 1120 420 1163 portas
455 1110 676 1150 clauserant.
709 1112 761 1153 Eo
794 1114 833 1151 in
867 1112 976 1152 cursu
1014 1126 1129 1152 naves
1157 1114 1205 1152 ad
1238 1126 1326 1152 eum
1358 1119 1574 1158 venerunt,

289 1185 379 1211 cum
419 1173 503 1212 Sex.
531 1173 715 1223 Pompejo
747 1187 909 1214 noverca
943 1174 1117 1215 Cornelia
1146 1174 1350 1213 crudeliter
1382 1170 1574 1211 interfesti

288 1235 359 1275 viri
384 1234 484 1275 triste
520 1235 698 1275 nuntium
733 1236 936 1286 perferens.
967 1237 1011 1276 Id
1042 1236 1240 1283 auditum,
1268 1243 1426 1284 totaque
1460 1230 1573 1271 claffo

290 1310 382 1338 mox
398 1297 617 1348 vulgatum,
639 1298 689 1338 fic
709 1300 888 1338 exterruit
913 1298 1061 1338 animos
1074 1329 1085 1345 ,
1101 1307 1142 1338 ut
1166 1297 1336 1350 plerique
1353 1304 1575 1335 convertere

289 1359 400 1407 vela,
437 1358 550 1409 seque
578 1359 711 1401 victori
738 1361 955 1412 permittere
987 1361 1227 1411 cogitarent,
1265 1359 1470 1405 exstinGto,
1501 1369 1572 1406 pro

288 1437 366 1475 quo
390 1436 493 1462 arma
520 1422 713 1470 tulissent,
744 1425 940 1475 Pompeio.
980 1425 1055 1464 Sed
1087 1423 1242 1464 Catonis
1265 1423 1438 1462 oratione
1465 1433 1575 1460 revo-

290 1487 366 1529 cati
398 1486 485 1527 sunt
513 1486 692 1536 plurimi:
724 1500 808 1537 pars
838 1492 992 1540 (neque
1024 1486 1128 1527 enim
1155 1486 1306 1525 retineri
1339 1495 1575 1534 quemquam

290 1551 456 1590 invitum
484 1549 622 1589 Catoni
649 1549 853 1604 placebat)
876 1551 915 1589 in
939 1550 1086 1590 ltaliam
1108 1548 1353 1599 abnavigavit
1375 1559 1464 1586 eum
1485 1546 1579 1585 Cor-

291 1610 418 1658 nelia,
449 1610 510 1649 cui
538 1609 635 1649 nihil
665 1623 684 1648 a
715 1613 861 1651 victore
891 1611 1142 1652 metuendum
1173 1608 1381 1648 constabat.
1426 1619 1510 1657 quae
1539 1607 1578 1646 δεῖ

294 1673 462 1720 deinde,
490 1673 620 1714 nescio
652 1686 744 1724 quas
779 1674 954 1724 Pompeii
973 1673 1151 1725 reliquias
1188 1674 1322 1720 nach,
1347 1669 1519 1721 sepelivit
1538 1668 1579 1709 in

292 1735 455 1780 Albano.

347 1795 550 1839 LXXXV.
582 1796 720 1836 Catoni
745 1809 835 1836 cum
865 1797 999 1835 ceteris
1027 1795 1195 1848 petenda
1227 1794 1426 1845 provincia
1453 1792 1581 1838 Africa

291 1859 514 1906 videbatur,
545 1873 621 1912 quo
652 1858 842 1909 appulisse
872 1859 910 1899 L.
935 1859 1156 1910 Scipionem
1192 1858 1388 1904 audierat,
1420 1857 1584 1896 Varum-

295 1933 369 1972 que
396 1920 537 1960 habere
563 1933 719 1971 magnas
741 1921 792 1959 ibi
824 1921 979 1971 copias,
1004 1923 1040 1960 ὁὶ
1062 1921 1184 1960 fidum
1209 1920 1380 1972 partibus
1406 1919 1575 1968 Jubam:

293 1982 358 2023 sed
385 1995 508 2032 neque
539 1983 633 2022 muri
663 1991 767 2022 tutus
799 1995 876 2022 erat
909 1983 1108 2030 transitus3
1143 1985 1176 2021 ἃ
1214 1981 1378 2032 pedibus
1406 1981 1582 2020 circumi.

294 2054 380 2082 turo
408 2044 558 2094 Syrtes,
578 2056 643 2096 per
677 2042 823 2083 deserta
846 2045 881 2083 δι
904 2043 1008 2083 arida
1043 2041 1275 2082 laboriosum
1302 2043 1400 2090 iter,
1426 2040 1582 2083 molesta

295 2107 390 2154 sitis,
421 2107 542 2147 infesti
569 2108 784 2158 serpentes,
812 2106 1083 2157 insuperabiles
1111 2119 1218 2157 paene
1243 2105 1489 2147 difficultates
1512 2105 1582 2143 ob-

295 2168 537 2218 jiciebantur.
570 2170 706 2208 Catoni
732 2179 860 2208 tamen
884 2169 989 2209 nulla
1018 2168 1219 2209 videbatur
1244 2166 1469 2218 poenitenda
1499 2166 1582 2214 via¹

297 2243 372 2282 qua
410 2229 626 2269 servitutem
665 2230 874 2279 effugeret:
918 2241 1145 2280 tantumque
1179 2228 1392 2268 abundavit
1426 2226 1491 2264 ille
1523 2227 1582 2265 vit

296 2293 454 2339 animo,
483 2300 525 2331 ut
558 2292 745 2343 plerisque
778 2292 932 2332 suorum
965 2293 1014 2332 ad
1045 2293 1179 2331 eadem
1215 2290 1391 2329 conanda
1423 2287 1584 2328 inserere

1214 2350 1233 2364 k

345 2409 367 2452 ς
393 2409 578 2443 [XXXIII.
603 2409 691 2445 flor.
720 2408 822 2444 Oros.
848 2409 994 2452 Appiam
1015 2408 1110 2442 civil.
1135 2411 1157 2442 l.
1180 2420 1212 2442 2.
1244 2407 1470 2455 §LXXX1V.
1493 2406 1586 2444 Flet.

301 2455 334 2492 in
364 2455 438 2493 Can
461 2465 490 2489 e.
521 2464 593 2501 ¹32.
624 2454 741 2490 Idem
735 2466 768 2489 u:
797 2454 910 2500 Pomp.
935 2453 1017 2488 Die.
