1675 2959
112 167 194 215 JO.
214 164 434 212 FREINS.
453 160 652 208 SUPPL.
671 157 735 205 ΙΝ
754 155 894 203 LOC.
914 156 962 201 L.
982 155 1084 203 CX.
1099 157 1211 204 LIV.
1239 164 1334 220 319

62 344 94 389 Ῑ.
113 299 208 386 C.
228 345 381 385 CAESAR
397 343 521 391 ,intra
535 339 728 391 sexaginta
743 338 824 378 dies
850 336 889 376 in
909 335 1132 388 potestatem
1152 334 1261 377 Italia
1281 347 1342 375 re.

51 410 162 449 daeta
174 437 186 454 ,
205 418 293 445 cum
310 412 465 455 propter
480 402 650 452 inopiam
668 401 822 439 navium
841 399 945 449 sequi
960 399 1187 448 Pompejum
1200 426 1211 444 ,
1224 394 1344 448 prius-

51 482 167 520 quam
195 466 260 506 ille
293 461 551 504 transmarinis
575 462 726 502 auxiliis
753 460 1065 506 confirmaretur,
1091 472 1170 497 non
1193 455 1343 508 poffet;

49 530 116 570 sed
142 541 213 568 nec
239 526 392 568 ltaliam
424 534 579 576 propter
612 524 729 562 duces
768 523 1048 572 Pompeianos,
1076 521 1141 570 qui
1168 528 1273 558 erant
1303 518 1346 557 in

52 590 265 641 Hispania,
281 597 364 628 tuto
386 587 546 636 relinqui
573 592 748 636 putaret:
772 583 958 624 Brundisii
974 615 985 631 ,
1001 584 1184 631 Tarenti,
1210 581 1348 631 Sipon-

51 654 159 703 tique
191 650 356 701 lingulas
378 649 548 699 legiones
573 646 802 694 collocavit,
835 645 883 684 ad
909 645 1119 684 maritimos
1140 643 1265 683 exitus
1281 642 1348 681 ad-

52 714 264 764 ventusque
302 710 552 750 claudendos.
602 707 680 759 ipse
722 708 1009 758 quamprimum
1041 707 1081 745 in
1118 706 1253 745 urbem
1281 704 1352 744 de·

55 788 204 815 currere
233 773 388 822 statuit,
412 771 480 811 ubi
504 773 584 821 jam
607 769 702 809 olim
717 801 729 819 ,
753 780 795 809 ut
818 781 934 820 quam
964 768 1119 819 plurimi
1153 768 1350 807 senatores

56 837 199 884 ess'ent,
227 835 329 875 enise
356 833 632 880 contenderat,
669 845 744 882 quo
777 832 957 870 nimirum
986 831 1151 881 speciem
1178 830 1352 880 aliquam

59 898 296 940 auctoritatis
318 895 483 947 publicae
512 895 588 934 suis
612 895 725 933 armis
747 893 1025 940 circumdaret3
1055 888 1097 932 ea
1127 905 1165 931 re
1184 893 1356 944 perfecta.

59 959 300 1008 profecturus
340 958 381 994 in
408 955 655 1005 Hispaniam,
700 968 739 993 ut
764 967 907 992 veterem
946 954 1107 1006 Pompeji
1146 954 1357 1001 exercitum,

61 1018 396 1070 quemadmodum
418 1017 516 1056 inter
541 1016 628 1056 suos
649 1025 727 1055 erat
755 1015 942 1066 professus
955 1046 965 1062 ,
984 1017 1090 1053 donec
1108 1014 1270 1066 affetfine
1290 1016 1357 1052 du-

58 1096 120 1128 ce,
143 1080 345 1133 opprimeret
353 1094 370 1127 ,·
395 1079 476 1116 inde
501 1092 594 1116 rever
611 1092 694 1115 urus
722 1080 770 1115 ad
791 1079 907 1115 ducem
928 1079 1004 1129 fir'ze
1027 1077 1189 1124 exercitu.
1221 1076 1294 1116 Sed
1312 1083 1357 1114 ut

58 1143 112 1180 rei
139 1140 396 1180 frumentariae
414 1139 658 1189 provideret,
679 1139 755 1176 duo
777 1136 895 1176 ltaliae
923 1137 1080 1184 horrea,
1098 1136 1307 1176 Sardiniam
1332 1148 1355 1174 a

58 1205 114 1254 Q.
131 1204 280 1244 Valerio
308 1203 435 1254 legato
449 1232 460 1250 ,
482 1201 650 1241 Siciliam
669 1213 689 1240 a
709 1201 875 1240 Curione
896 1202 1077 1251 occupari
1099 1200 1232 1249 jubet:
1258 1212 1357 1250 quo-

60 1278 146 1304 rum
173 1263 326 1303 Valerio
356 1263 547 1313 legionem
575 1273 721 1308 unam,
745 1262 903 1300 Curioni
932 1268 1006 1300 tres
1030 1262 1265 1301 attribuerat.

116 1326 165 1367 Π.
181 1327 298 1366 Hunc
310 1326 413 1364 enim
429 1331 660 1375 propraetore
676 1323 852 1362 mittebat
867 1353 878 1372 ,
893 1335 981 1361 cum
1004 1323 1067 1363 sex
1095 1324 1260 1363 fascibus
1275 1324 1359 1363 lau-

61 1390 196 1438 reatis,
216 1391 252 1428 Sc
274 1388 455 1428 mandato
471 1418 481 1435 ,
498 1396 648 1436 recepta
666 1385 791 1426 Sicilia
808 1387 982 1437 protinus
1007 1388 1044 1425 in
1062 1387 1227 1426 Africam
1244 1386 1361 1427 trans-

60 1452 256 1491 mittendi.
290 1451 363 1490 His
397 1449 509 1488 rebus
537 1448 698 1497 auditis,
720 1448 937 1498 priusquam
964 1449 1094 1488 venire
1123 1448 1291 1489 Valerius
1316 1450 1358 1488 in

63 1514 278 1555 Sardiniam
303 1511 452 1563 posset,
475 1510 679 1551 Caralitani
707 1510 765 1550 M.
791 1510 944 1550 Cottam
962 1541 972 1559 ,
999 1510 1061 1560 qui
1092 1523 1176 1549 eam
1205 1510 1358 1561 provin-

64 1577 164 1615 ciam
185 1575 410 1622 obtinebat,
432 1573 578 1624 oppido
599 1572 665 1612 suo
692 1574 876 1621 ejiciunt,
904 1580 1017 1622 atque
1037 1572 1124 1620 ille,
1147 1573 1357 1613 Sardorum

64 1646 197 1678 mente
223 1638 404 1689 cognita,
436 1636 559 1675 statim
591 1637 631 1675 in
664 1636 828 1675 Africam
861 1635 1045 1686 profugit.
1086 1635 1228 1676 Siciliae
1257 1636 1356 1675 Cato

64 1710 246 1753 praeerat,
264 1709 379 1752 atque
404 1699 588 1739 hactenus
619 1700 769 1750 egregie
797 1698 834 1737 se
859 1708 1097 1749 compararat
1120 1700 1168 1738 ad
1197 1698 1360 1747 bellum,

65 1762 255 1802 habendis
281 1762 320 1800 in
345 1760 463 1799 insula
480 1762 515 1800 δε
534 1759 660 1799 vicina
679 1760 787 1799 Italia
816 1759 1025 1799 delectibus
1040 1791 1050 1809 ,
1074 1763 1108 1800 8<
1133 1759 1245 1800 classe
1265 1773 1359 1800 con-

67 1824 232 1864 ficienda
255 1837 266 1872 3
293 1824 346 1862 ita
383 1830 425 1860 ut
457 1820 538 1871 spes
571 1834 709 1871 magna
740 1820 855 1868 esset,
887 1823 1009 1860 teneri
1046 1822 1216 1862 Siciliam
1249 1821 1357 1860 nullo

64 1888 223 1938 negotio
259 1884 376 1937 poffe.
420 1885 496 1925 Sed
529 1883 597 1922 ubi
624 1883 830 1933 praemissus
864 1884 1010 1923 Asinius
1044 1884 1165 1925 Pollio
1196 1886 1359 1924 interro-

65 1950 195 2001 ganti,
220 1961 376 1987 utrumne
408 1949 579 2001 senatus,
606 1958 654 1984 an
670 1961 750 1984 vero
771 1947 897 2000 populi
915 1946 1033 1999 juffit,
1065 1947 1235 2000 veniffkt?
1259 1961 1363 1985 matz-

67 2016 154 2051 datu
180 2013 257 2065 ejus
281 2010 392 2063 adeffe
418 2009 644 2060 respondit,
679 2010 740 2062 qui
771 2021 840 2048 tum
866 2010 1012 2049 Italiam
1038 2010 1175 2047 haberet
1208 2010 1244 2047 in
1262 2021 1359 2061 pote-

61 2077 186 2127 state,
204 2072 312 2112 simul
342 2073 514 2123 Pompeji
546 2072 702 2127 fugam,
731 2073 765 2111 Sc
796 2072 971 2111 Curionis
999 2071 1189 2110 nuntiavit
1215 2071 1359 2110 adven-

72 2147 181 2176 tum:
206 2149 274 2187 pro
301 2137 491 2175 concione
520 2136 711 2182 ostendit,
731 2135 826 2187 fhtis
845 2136 916 2187 fibi
938 2135 1065 2173 virium
1083 2134 1145 2186 effe
1167 2135 1217 2172 ad
1239 2132 1360 2186 expel-

68 2199 208 2238 lendum
231 2199 361 2241 Sicilia
393 2199 616 2247 Pollionem
629 2201 696 2251 sed
723 2200 807 2251 quia
826 2212 901 2237 cum
925 2198 1011 2236 aliis
1030 2198 1142 2251 copiis
1170 2198 1272 2236 Curio
1297 2210 1359 2234 ex-

60 2260 248 2313 spefletur,
280 2260 321 2312 J&
344 2259 515 2298 innoxios
536 2260 683 2312 exitiost)
708 2258 796 2297 hello
820 2257 1076 2310 implicaturum
1104 2272 1175 2296 non
1201 2255 1275 2308 ‘ffi-
1302 2270 1359 2301 ce-¹

119 2383 141 2427 §
174 2384 201 2417 I.
226 2384 314 2417 Plut.
335 2385 371 2418 in
391 2383 474 2418 Caes.
495 2397 524 2418 c.
546 2396 597 2426 54.
621 2385 695 2418 Cic.
719 2382 759 2416 ad
777 2384 882 2418 Attic.
905 2394 944 2426 9,
964 2393 979 2426 3
1006 2382 1038 2416 &
1069 2393 1099 2423 5.
1124 2381 1245 2418 Caesar.
1267 2381 1353 2417 Dio·⁴

78 2435 223 2493 Appiam
247 2438 340 2474 civil.
362 2440 388 2474 k.
403 2449 435 2473 2.
462 2440 604 2475 Sueten.
638 2441 671 2472 in
695 2439 779 2474 Caes.
800 2450 828 2474 c.
849 2449 903 2484 34.
925 2438 1014 2473 Flor.
1043 2447 1084 2480 4,
1107 2447 1142 2480 22
