1675 2959
297 151 394 210 418
463 154 562 201 JO.
601 149 1114 199 FREINSHEMII
1151 147 1504 197 SUPPLEM.

298 262 500 303 subveetus
516 294 527 311 ‚
548 260 733 302 Pelusium
746 258 863 297 venit.
886 256 944 295 Ibi
969 266 1059 295 cum
1074 255 1200 306 pacati
1215 255 1506 306 responderetur
1529 257 1585 295 ni-

297 324 385 373 hil,
408 324 593 378 (firmum
615 322 721 360 enim
748 318 964 368 praefidium
979 316 1146 356 Achillas
1169 316 1223 356 ibi
1243 316 1520 370 collocaverat)
1536 330 1586 356 ex

295 387 432 427 itinere
472 383 802 436 oppugnationem
839 379 972 427 orsus,
1008 379 1149 419 eodem
1187 381 1250 419 die
1286 380 1474 431 oppidum
1508 394 1587 431 pu-

296 449 454 501 gnando
482 446 594 495 cepit.
645 443 804 493 Inlignis
828 442 868 481 in
894 455 939 480 ea
963 441 1124 480 vicloria
1151 449 1314 492 totoque
1340 443 1481 483 deinde
1505 442 1585 481 bel-

296 511 337 550 Io
359 510 434 549 fuit
458 506 645 555 Antipatri
669 516 806 555 opera,
832 504 918 553 qu',
937 503 985 542 ab
1014 503 1195 552 Hyrcano
1221 504 1343 547 tribus
1359 505 1584 553 Judaeorum

298 571 471 614 millibus
499 567 674 606 addudtis
691 595 704 612 ,
737 517 895 617 primui¹
918 577 1141 613 murorum,
1169 577 1253 614 quae
1287 565 1355 615 ipsl
1376 574 1582 615 evenerat,
1629 589 1633 594 ι

299 644 451 687 partem
480 628 634 677 dejecit.

360 690 580 734 LXXVIII.
625 688 736 729 Idem
772 690 808 728 &
837 687 978 728 Arabas
1014 686 1185 737 hospites
1220 686 1332 737 suos,
1368 687 1585 738 Soaemique

297 757 424 798 filium
464 750 738 796 Ptolemaeum,
776 749 812 788 &
843 747 1110 796 Jamblichum
1151 748 1326 798 regulos,
1370 748 1584 799 multasque

297 825 484 870 praeterea
507 815 688 864 Syrorum
721 811 892 850 civitates
916 811 966 850 ad
988 811 1176 849 mittenda
1200 810 1422 850 Mithridati
1444 811 1588 850 auxilia

299 878 520 930 impulerat.
552 875 729 914 Ceterum
761 874 901 913 deinde
929 873 1001 911 iter
1031 873 1081 912 ad
1117 872 1301 912 Caesarem
1336 874 1588 912 contendenti

296 941 490 995 pacatius,
521 948 654 989 praeter
684 949 826 976 nomen
856 934 1032 984 Caesaris,
1058 936 1094 975 δε
1114 934 1381 974 auctoritatem
1404 933 1590 981 viCtoriae⁷

294 1007 401 1047 idem
423 1003 616 1052 Antipater
636 999 825 1050 praestitit‚
856 996 1057 1048 AEgyptios
1084 996 1236 1044 Judaeos
1263 995 1470 1045 conspectu
1491 994 1558 1033 suo
1577 1025 1590 1042 ‚

299 1071 337 1110 &
361 1065 556 1119 pontificis
583 1062 729 1102 ostensa
746 1059 921 1112 epistola,
949 1060 988 1097 in
1016 1068 1140 1109 partes
1165 1058 1433 1109 pertrahendo.
1469 1057 1526 1097 Ita
1550 1060 1585 1097 ἃ

296 1130 363 1182 qui
397 1127 508 1169 Oniae
536 1127 733 1176 regionem
769 1121 994 1161 incolebant
1017 1119 1167 1169 Judaei,
1192 1133 1321 1165 arma,
1343 1125 1425 1163 quae
1454 1117 1587 1162 proni-

296 1190 430 1227 bendo
458 1189 583 1228 itineri
609 1185 838 1226 smnserant,
862 1181 1097 1226 posuerunt,
1124 1173 1160 1212 δι
1186 1185 1318 1211 omma
1347 1170 1586 1221 hospitaliter

294 1250 545 1304 praebuerunt
569 1242 767 1290 exercitui.
797 1239 854 1279 Ab
879 1237 979 1278 Onia
997 1267 1008 1285 ‚
1030 1235 1198 1275 Simonis
1228 1234 1334 1282 filio,
1362 1234 1587 1287 Judaeorum

294 1309 484 1364 pontifice
501 1338 512 1356 ‚
534 1305 611 1345 loci
627 1316 771 1344 nomen
796 1301 1009 1340 deductum
1041 1298 1115 1345 est,
1139 1298 1231 1348 qui,
1254 1298 1423 1336 vastante
1449 1297 1587 1337 Hiero-

295 1373 487 1424 solymam
510 1366 702 1409 Antiocho
730 1366 770 1403 in
786 1364 996 1414 AEgyptum
1025 1361 1203 1412 fugiens,
1226 1361 1467 1399 concedente
1493 1360 1589 1399 Pto-

293 1436 457 1481 1emaeo,
493 1430 685 1481 templum
716 1428 766 1468 ad
802 1424 1090 1466 similitudinem
1125 1422 1240 1474 patrii
1264 1422 1306 1461 in
1332 1421 1589 1473 Heliopolita-

296 1513 351 1540 no
383 1510 482 1548 pago
515 1494 759 1535 exstruxerat.

348 1557 539 1601 LXXIX.
576 1554 692 1595 Haud
726 1550 861 1603 procul
895 1549 985 1589 inde
1019 1546 1216 1597 Memphis
1246 1545 1402 1593 aberat,
1437 1544 1587 1598 (stadia

298 1628 458 1660 centum
480 1616 676 1666 oetoginta
702 1611 939 1664 intererant)
965 1610 1198 1660 cognitoque
1227 1605 1395 1645 successu
1421 1604 1588 1645 Mithri-

298 1684 419 1730 datis,
455 1681 547 1720 inde
583 1690 737 1729 quoque
773 1674 887 1725 legati
915 1679 1127 1718 venerunt,
1159 1670 1350 1720 oppidum
1389 1668 1589 1708 dedentes,

297 1747 356 1787 Eo
381 1750 561 1794 recepto,
577 1739 825 1781 Mithridates
848 1736 897 1775 ad
921 1733 1145 1784 AEgyptium
1168 1730 1280 1771 Delta
1302 1729 1493 1781 prOCeffit.
1524 1729 1590 1769 In-

297 1807 380 1848 sula
405 1805 457 1844 est
485 1803 589 1842 haud
615 1799 749 1852 procul
774 1797 1001 1839 Alexandria
1019 1824 1029 1844 ,
1056 1808 1171 1845 quam
1201 1794 1242 1832 in
1267 1796 1349 1842 ejus
1369 1792 1487 1831 literae
1511 1790 1589 1830 for-

296 1881 428 1916 mam,
465 1879 541 1905 una
578 1872 686 1915 parte
724 1874 851 1907 mare,
885 1858 1034 1898 duabus
1075 1855 1308 1897 Pelufiacum
1352 1855 1387 1894 &
1421 1853 1591 1904 Canopi-

299 1942 392 1969 cum
437 1927 517 1968 Nili
559 1925 651 1964 ostia
692 1923 963 1972 constringunt.
1018 1917 1355 1969 Appropinquanti
1404 1914 1520 1954 missae
1565 1927 1589 1954 a

296 1990 508 2032 Ptolemaeo
541 1987 661 2037 copiae
689 1990 947 2024 occurrerunt.
990 1993 1121 2020 earum
1150 1992 1260 2030 pars,
1290 1991 1368 2018 non
1396 1977 1588 2027 exspecta.

299 2054 349 2093 tis
371 2049 688 2101 subsequentibus
701 2077 712 2095 ‚
730 2047 874 2085 flumen
890 2075 901 2093 ‚
918 2057 995 2095 quo
1020 2043 1132 2083 Delta
1147 2041 1360 2089 clauditur,
1382 2038 1588 2090 transgres-

297 2114 358 2162 sa,
383 2122 579 2152 tenentem
604 2110 642 2149 se
678 2108 835 2148 munitis
866 2108 1039 2147 Romana
1068 2105 1193 2144 forma
1223 2103 1352 2143 castris
1381 2100 1590 2142 Mithrida-

299 2184 380 2217 tem
414 2183 558 2214 temere
593 2171 787 2211 lacellivit.

376 2237 546 2280 LXXX.
581 2235 658 2275 Sed
687 2230 891 2283 improvisa
921 2228 1163 2272 Mithridatis
1194 2225 1396 2277 eruptione
1426 2236 1591 2276 magnus

308 2390 309 2394 ,
347 2372 368 2409 ς
395 2370 568 2403 LXXVII.
590 2370 698 2402 Strab.
712 2369 735 2400 l.
753 2375 804 2407 17.
817 2347 909 2398 Htrt·
924 2362 1060 2405 Joseph.
1077 2334 1190 2403 antiq.
1216 2370 1272 2399 ¹4,
1288 2369 1340 2398 ¹4·
1361 2357 1382 2400 5
1397 2353 1589 2388 LXXVIII.

306 2417 398 2451 Hirt.
429 2415 565 2457 Ioseph.
589 2414 628 2446 de
645 2414 680 2446 B.
700 2412 775 2445 Jud.
802 2422 812 2443 1
832 2437 840 2451 ,
856 2420 887 2449 7.
918 2408 1037 2440 Euseb.
1054 2406 1074 2447 Ε
1099 2404 1254 2438 LXXIX.
1275 2403 1418 2438 Hieron.
1438 2402 1474 2434 in
1492 2398 1585 2436 Dan.

299 2473 329 2499 ca
354 2472 374 2506 9
394 2460 429 2496 δι’
452 2472 503 2496 ιι.
530 2458 667 2503 Joseph.
696 2457 803 2501 antiq.
827 2466 889 2498 14,
913 2465 964 2496 ¹4·
991 2452 1081 2486 Hitt.
1110 2450 1223 2484 strab.
