1675 2959
305 168 402 221 '410
467 162 568 212 JO.
601 163 1112 212 FREINSHEMII
1146 165 1493 216 SUPPLEM.'

304 269 357 308 ad
373 277 511 310 terram
531 269 704 321 deligatae
716 300 726 318 ‚
743 279 904 319 quatuor
920 282 969 309 ex
987 270 1047 309 his
1070 271 1231 311 abduxit
1243 303 1254 320 ‚
1276 272 1438 323 reliquas
1452 273 1585 312 incen-

301 331 370 371 dit.
408 343 497 371 cum
518 331 576 370 his
603 334 639 371 Sc.
667 343 803 381 magna
826 342 911 380 pars
937 331 1073 379 oppidi
1105 332 1349 383 deflagravit:
1381 333 1583 383 fuiffetque

298 402 497 444 receptum
525 393 711 441 Oricum,
747 391 816 431 nifi
845 390 1000 432 vulnere
1026 392 1199 443 Pompeji
1234 395 1459 435 remissiores
1490 394 1584 433 faeti

294 453 467 505 AEgyptii
493 455 630 494 forent.

355 517 449 556 LVI.
474 516 593 566 Igitur
621 526 693 553 nec
713 513 844 553 sanato
868 527 940 564 eo,
965 515 1243 555 munitionibus
1268 516 1410 557 interea
1435 517 1578 565 aucus,

298 576 555 617 difficiliorem
581 577 748 615 futuram
776 580 1107 628 oppugnationem
1133 577 1323 617 resumere
1347 579 1480 624 ausus,
1507 578 1585 619 Lis·
1638 593 1641 595 ·

296 638 379 677 sum
404 638 574 678 tentavit.
603 638 667 678 sed
694 637 890 688 repulsus,
917 639 1217 690 paucis-amiffis
1238 640 1399 680 navibus
1416 671 1428 688 ,
1454 648 1585 678 tamen

297 699 504 747 onerariis,
530 711 622 749 quas
647 699 704 740 M.
724 699 910 739 Antonius
934 699 987 739 ibi
1011 700 1216 750 reliquerat
1233 731 1243 748 ,
1269 701 1431 740 incensis
1452 701 1587 751 trigin-

297 770 363 806 ta,
387 761 515 810 vagari
543 761 690 800 circum
724 760 864 809 lisera,
889 764 948 811 &,
970 762 1150 813 expositis
1179 763 1340 802 subinde
1372 762 1585 811 militibus,

294 822 437 862 vastare
461 835 549 862 cum
568 823 710 863 Caesare
731 823 977 864 sentientium
998 838 1107 873 agros
1128 825 1312 865 instituit:
1339 825 1464 866 donec
1478 855 1488 872 ‚
1509 823 1586 862 cla-

297 883 349 922 de
381 884 495 933 patris
525 885 680 935 cognita
697 915 708 933 ‚
741 885 909 926 desertus
936 886 984 925 ab
1005 887 1219 937 AEgyptiis‚
1254 887 1303 926 ad
1335 887 1522 929 Catonem
1547 885 1585 925 se

294 946 473 986 contulit.
504 947 687 999 idemque
710 959 792 988 tum
819 952 854 989 ἃ
879 949 920 989 C.
944 949 1087 989 Caffius
1113 949 1230 997 fecit,
1260 950 1296 988 δε
1322 949 1363 989 L.
1394 948 1583 989 Afranius.

292 1009 370 1049 His
397 1010 604 1061 ceterisque
628 1011 867 1061 adjutoribus
882 1042 894 1060 ‚
919 1012 1137 1062 priusquam
1161 1011 1378 1062 longinquae
1396 1010 1481 1061 spes
1502 1019 1586 1049 ten-

293 1079 493 1120 tarentur,
526 1072 835 1124 Peloponnesum
864 1073 1025 1112 retinere
1053 1073 1206 1121 statuit,
1243 1072 1440 1123 Patrasque
1467 1085 1585 1112 occu·

294 1134 405 1183 pavit
430 1133 628 1183 praefidio‚
655 1134 875 1185 multosque
905 1137 940 1175 δι
963 1134 1020 1175 ibi
1044 1135 1194 1175 suarum
1223 1136 1412 1186 partium,
1438 1134 1481 1172 in
1503 1134 1586 1183 qui-

294 1195 368 1235 bus
393 1198 429 1236 &
454 1197 647 1247 Petrejus‚
682 1200 718 1238 ὁὶ
743 1198 918 1248 Pompeji
948 1211 1063 1251 gener
1087 1198 1242 1239 Faustus
1273 1199 1454 1245 fuerunt,
1482 1209 1586 1236 rece·
1641 1232 1644 1234 ,

292 1259 377 1308 pit:
408 1260 467 1307 ἃ,
497 1259 623 1299 donec
647 1259 804 1299 Athenis
832 1259 1074 1311 Megarisque
1106 1259 1373 1310 oppugnandis
1401 1259 1585 1298 distentus

293 1317 426 1358 Fufius
451 1319 618 1359 Calenus
642 1320 742 1368 fuit,
767 1321 806 1359 in
827 1321 1010 1371 potestate
1033 1321 1169 1361 habuit
1199 1321 1401 1371 oppidum.

349 1380 464 1421 LVII.
486 1382 587 1421 Nam
602 1411 614 1430 ,
629 1381 724 1421 licet
743 1382 876 1422 amiffo
895 1383 1030 1423 Piraeeo
1044 1413 1055 1430 ,
1072 1382 1228 1422 Athenae
1251 1382 1470 1422 restite-rant.
1490 1393 1585 1421 mox

296 1441 360 1482 his
391 1455 414 1481 a
441 1442 585 1483 Caesare
614 1443 768 1483 veniam
798 1445 974 1494 adeptis,
999 1444 1239 1493 Megarenses
1266 1443 1496 1494 pertinacius
1527 1455 1587 1481 r&

292 1514 510 1556 pugnantes
535 1505 767 1557 expugnavit
798 1505 954 1554 Fufius,
982 1505 1187 1556 multisque
1224 1505 1378 1552 oecifis‚
1407 1504 1584 1544 vendidit

291 1566 460 1618 reliquos
477 1598 488 1615 ,
517 1567 582 1607 sed
609 1568 822 1608 necessariis
854 1581 1017 1616 eorum,
1048 1570 1083 1608 δι
1107 1569 1271 1606 minimo
1298 1567 1448 1617 pretio,
1480 1575 1521 1604 ut
1541 1565 1585 1604 li.

292 1628 433 1669 bertati
457 1629 750 1669 restituerentur.
794 1628 858 1668 hic
885 1630 1024 1669 modus
1048 1629 1245 1680 placuerat
1274 1628 1324 1666 ita
1355 1627 1585 1668 ulciscendae

295 1692 573 1739 contumaciae,
603 1703 653 1730 ne
681 1700 812 1730 tamen
834 1690 1077 1730 vetustiffima
1101 1690 1232 1729 civitas
1269 1688 1419 1740 prorsus
1450 1688 1585 1727 interi-

294 1761 364 1792 ret.
401 1753 539 1803 Neque
573 1751 720 1792 filentio
748 1752 1056 1802 praetereundum
1087 1761 1245 1802 propter
1272 1752 1485 1790 novitatem
1518 1762 1583 1790 ca-

294 1813 382 1859 sus,
410 1813 514 1863 quod
537 1814 636 1853 inter
667 1813 899 1864 capiendum
922 1812 1136 1863 oppidum,
1165 1811 1278 1851 soluti
1302 1811 1457 1858 leones,
1485 1822 1583 1859 quos

294 1875 347 1915 ibi
364 1875 404 1915 C.
421 1875 564 1916 Cassius
589 1875 710 1914 aedilis
727 1874 941 1925 defignatus
966 1873 1116 1922 alebat,
1138 1873 1177 1912 in
1199 1873 1299 1924 ipsos
1315 1871 1580 1923 Megarenses,

295 1940 362 1987 qui
387 1938 575 1978 auxilium
592 1937 751 1989 aliquod
774 1938 864 1977 inde
884 1938 1217 1988 exspectaverant,
1237 1938 1446 1984 irruerunt,
1467 1935 1584 1974 adeo-

297 2014 371 2051 que
395 2000 670 2051 discerpserunt
694 2000 860 2050 multos,
886 2010 928 2041 ut
953 1999 1123 2040 hostibus
1149 2000 1266 2039 etiam
1290 1996 1415 2037 dolori
1439 1997 1587 2047 speeta-

296 2063 427 2102 culum
453 2063 555 2103 effer.

351 2125 485 2165 LVIII.
514 2127 544 2165 A
569 2125 734 2176 Megaris
761 2125 886 2165 Patras
912 2124 1022 2163 itum.
1051 2123 1126 2164 Sed
1152 2122 1246 2163 Cato
1277 2121 1498 2170 ceterique,
1519 2127 1584 2158 rei

296 2198 412 2237 cepto
433 2187 602 2236 praefidio
616 2217 627 2234 ,
649 2200 784 2237 magna
815 2185 926 2226 classe
947 2186 1123 2251 Cyrinen
1144 2185 1344 2236 petierunt.
1375 2182 1481 2227 Dum
1499 2181 1584 2220 haec

299 2249 452 2289 diversis
483 2250 632 2300 imperii
663 2249 832 2300 partibus
853 2259 1054 2300 geruntur,
1083 2248 1232 2294 Roma,
1257 2260 1336 2285 non
1362 2247 1441 2294 jam
1466 2252 1582 2294 caput

298 2325 450 2362 rerum,
474 2311 540 2352 sed
564 2313 693 2364 praeda
718 2313 896 2360 vietoris,
928 2312 1003 2351 utri
1028 2311 1268 2351 serviendum
1296 2309 1423 2357 foret,
1448 2307 1585 2357 exspes

318 2476 325 2483 ι
351 2430 371 2468 Ε
395 2430 466 2465 LV.
494 2427 578 2461 Caes.
602 2428 683 2462 Dio.
714 2427 734 2472 §
760 2426 848 2463 va.
874 2425 957 2463 Caes.
975 2426 1056 2460 Dio.
1081 2426 1102 2471 §
1127 2425 1235 2460 13:11.
1255 2423 1345 2457 Plut.
1374 2422 1409 2456 in
1431 2422 1525 2456 Brut.
1547 2431 1580 2456 c·

305 2483 360 2521 13-
