1675 2959
254 123 336 169 IN
386 121 1075 169 Loc.L113.cx1L1v.
1241 123 1334 189 369

59 226 213 266 maximo
235 226 436 264 detrimento
458 224 600 264 ‚Iuliani
617 227 658 278 [ὲ
681 224 884 277 νεεεμιᾙὲητ.
913 226 960 266 Et
991 225 1132 275 Caesar,
1157 234 1200 266 ut
1234 228 1341 279 sui89‘

60 288 166 336 quod
195 287 340 337 poffet,
367 285 602 334 consuleret,
623 298 733 324 crates
756 285 858 335 jussit
883 287 920 326 in
944 287 1078 338 ficmmo
1099 289 1231 327 tumulo
1255 304 1339 327 con.

51 350 180 402 sti‘tui,
204 350 329 401 quibus
357 349 432 386 [εέἶί
451 349 580 387 milites
599 348 732 401 fbſj'am
759 351 919 388 mediocri
948 350 1137 388 latitudine
1153 350 1336 401 fhcerent,

59 410 97 448 ἃ
108 442 122 458 ,
142 424 307 462 quantum
319 410 450 462 poffint
463 440 474 458 ,
498 411 607 449 locum
626 412 826 462 impeditum
849 413 1036 451 redderent.
1061 410 1144 461 Ipse
1164 408 1339 450 fundito-

58 484 118 509 res
141 472 288 510 idoneis
314 471 414 511 locis.
435 471 625 522 disponit,
652 472 789 522 quibus
813 472 976 512 secuturi
1008 473 1130 512 hostes
1161 472 1340 523 prohibe-

58 540 199 571 rentur.
224 534 298 572 Sed
327 533 550 582 Pompejani
579 532 654 571 hoc
679 534 858 572 audacius
888 535 1124 583 institerunt,
1154 536 1255 585 quod
1280 547 1341 574 ce.

62 594 151 633 dere
178 586 360 634 Caesarem
383 604 487 633 metu
513 594 804 649 arbitrabantur.
838 596 934 647 Ergo
957 597 1012 638 M.
1037 597 1243 644 Antonius,
1276 597 1342 647 qui

61 655 98 693 ei
118 654 256 705 legioni
286 665 460 706 praeerat,
483 655 582 704 juss'u
610 655 760 695 Caesaris
783 656 867 696 suos
893 657 1138 705 cohortatus,
1164 671 1185 697 a
1209 659 1343 697 medio

62 715 143 754 fere
168 715 286 766 spati-o
312 716 562 766 impetumrin
582 715 704 755 hostes
726 717 829 757 fecit.
858 720 981 769 Atque
1003 719 1081 766 illi,
1098 733 1145 759 ex
1161 719 1341 759 inferiore

61 774 150 815 loco
170 777 209 815 in
234 777 430 816 adversum
447 778 586 816 collem
611 778 719 818 cursu
741 780 913 827 incitati,
930 780 1160 831 pepulerunt
1182 782 1345 831 Pompe-

60 840 195 888 janos;
229 840 509 890 interfectisque
535 841 732 891 plurimis,
761 842 914 881 suorum
954 843 1092 883 amiffis
1127 844 1342 884 admodum

62 901 253 950 quinque,
279 914 357 940 non
382 901 539 941 ulterius
566 901 751 952 persecuti
774 904 988 952 fugientes,
1019 917 1145 954 neque
1165 905 1261 945 ultra
1289 905 1346 945 la-

63 959 207 1008 eeffiti,
230 960 267 999 se
294 963 530 1012 reeeperunt.

118 1024 288 1064 XXXV.
326 1025 415 1064 Erat
448 1037 547 1064 nova
572 1026 607 1064 ἃ
635 1022 794 1062 mirifica
823 1020 1030 1065 obsidionis
1059 1024 1206 1075 forma,
1239 1027 1345 1078 quod

62 1078 189 1137 plures
211 1099 233 1125 a
262 1086 532 1136 paucioribus,
565 1087 672 1126 omni
697 1087 807 1137 eopia
833 1099 959 1126 rerum
986 1088 1225 1128 abundantes
1248 1105 1267 1126 a
1288 1092 1345 1128 fa-

62 1147 204 1186 melico
229 1149 421 1194 exercitu,
447 1149 735 1188 claudebantur.
774 1149 930 1199 Quippe
965 1150 1204 1198 Pompejanis
1240 1160 1345 1200 pate.

60 1209 154 1249 bant
178 1209 314 1257 maria,
340 1221 465 1258 neque
488 1218 622 1246 ventus
649 1208 738 1246 flare
762 1207 1062 1257 ullus-poterat,
1095 1214 1188 1260 quin
1216 1212 1344 1263 aliqua
1400 1218 1402 1224 “

61 1284 109 1310 ex
142 1281 248 1321 parte
279 1272 515 1309 commeatui
550 1268 800 1308 subvehendo
822 1269 924 1309 utilis
953 1270 1055 1310 eiset.
1091 1272 1233 1312 Contra
1265 1274 1346 1313 Cae-

58 1334 152 1374 saris
179 1334 320 1374 milites
347 1335 386 1373 in
413 1346 553 1383 magna
582 1333 764 1371 frumenti
793 1333 949 1382 penuria
973 1334 1148 1374 carnibus
1177 1338 1344 1376 maxime

61 1400 179 1449 (nam
203 1396 349 1445 peeoris
378 1407 425 1434 ex
447 1394 560 1444 Epiro
584 1393 808 1444 suppetebat
834 1395 980 1448 copia)
1004 1397 1238 1437 victitabant.
1266 1399 1343 1438 Sed

63 1458 100 1496 ἃ
133 1456 323 1495 radicibus
355 1454 557 1504 herbisque
581 1453 779 1493 vellendis¹
799 1456 1018 1505 quaerebant
1054 1454 1232 1498 'solatium
1258 1461 1344 1498 ino.

60 1517 151 1568 piae:
171 1516 375 1567 praesertim
400 1529 479 1564 uno,
498 1529 634 1566 genere
655 1516 883 1565 utebantur,
900 1520 1006 1567 quod
1030 1519 1238 1558 vocabatur
1260 1523 1342 1559 clla,

59 1595 128 1627 να,-
163 1579 203 1618 id
226 1579 400 1618 admixto
427 1579 524 1618 laete
557 1579 596 1617 in
631 1578 917 1617 similitudinem
952 1580 1060 1629 panis
1100 1580 1340 1630 subigebant.

61 1640 260 1690 Ejusmodi
285 1654 425 1690 panes,
462 1652 551 1678 curn
577 1639 847 1690 incolloquiis
877 1641 1099 1691 Pompejani
1124 1642 1268 1682 famem
1292 1641 1342 1682 il-

59 1701 108 1741 lis
134 1701 426 1752 exprobrarent,
451 1700 566 1751 vulgo
601 1701 860 1750 conjiciebant
889 1701 926 1740 in
955 1715 1042 1751 eos,
1066 1705 1174 1740 donec
1199 1704 1261 1741 hoc
1282 1717 1344 1755 ge·

60 1777 129 1800 nus
153 1763 286 1801 radices
308 1762 412 1802 tellus
430 1762 554 1814 firtel,
585 1773 761 1813 nunquam
783 1764 822 1815 fe
841 1762 1035 1814 dimiffuros
1060 1764 1263 1814 obsidionem
1288 1764 1346 1802 di-

62 1823 237 1863 &stantes
252 1853 263 1871 ,
277 1824 378 1861 immo
390 1823 490 1875 prius
502 1823 622 1860 cortice
642 1823 788 1861 viazzios
807 1837 852 1860 ex
872 1824 1063 1861 arboribus.
1090 1823 1200 1862 Unde
1212 1853 1222 1870 ,
1238 1836 1278 1862 re
1292 1824 1343 1864 ad

59 1884 101 1924 se
122 1885 269 1933 delata,
295 1884 495 1938 Pompejum
521 1883 645 1935 dixzffk
681 1883 830 1933 ferunt,
857 1898 932 1923 cum
954 1884 1046 1937 fisis
1065 1887 1135 1936 fibi
1159 1901 1222 1924 rem
1251 1887 1343 1938 effe,-

60 1947 97 1987 δ’
115 1948 464 1999 protinus,amoveri
481 1945 608 1998 juffiffe
622 1960 741 1997 -panes
757 1977 768 1993 ‚
795 1960 898 1997 neque
919 1948 1078 1998 cuiquam
1100 1947 1251 1998 ostendi,
1282 1962 1345 1985 ne·

58 2023 122 2060 que
133 2009 307 2060 sermones
325 2007 486 2058 vulgari,
505 2022 545 2045 ne
556 2037 568 2053 ‚
578 2007 774 2057 pertinacia
788 2008 891 2058 hostis
908 2008 1046 2058 cognsta
1058 2037 1069 2054 ,
1086 2007 1340 2059 flaccesherent„

117 2068 306 2108 XXXVI.
330 2068 406 2108 Sed
432 2067 780 2108 haecincommoda
806 2066 869 2116 spe
893 2068 1117 2117 propinqua:
1140 2067 1263 2107 meffis
1286 2067 1346 2106 le-

59 2129 250 2169 vabantur
266 2158 277 2176 ,
305 2129 412 2178 quod
432 2130 513 2177 jam
532 2128 723 2168 frumenta
744 2130 980 2178 incipiebant
1006 2129 1266 2168 maturescere.
1301 2130 1347 2168 sr-

58 2188 166 2237 mul,
190 2182 448 2239 quiavoptima
468 2188 688 2228 valetudine
707 2220 717 2235 ‚
738 2181 1024 2239 aquarumque,
1052 2195 1086 2229 ὅ(
1110 2200 1245 2240 praeter
1263 2190 1347 2229 fru-

59 2262 230 2290 mentum
244 2281 255 2300 ,
277 2261 513 2290 commeatus
536 2252 655 2291 ceteri
672 2253 783 2302 copia
805 2253 1029 2301 utebantur,
1044 2251 1141 2291 sorte
1166 2253 1229 2292 sua
1253 2265 1344 2291 con«.

109 2369 132 2412 §
155 2369 296 2402 XXXV.
316 2369 441 2414 Vellej.
466 2381 485 2402 2
498 2397 508 2412 ‚
524 2381 574 2411 5¹.
593 2369 676 2403 Caes.
697 2371 785 2403 Flor.
805 2383 843 2411 4,
857 2381 888 2403 2.
905 2371 1051 2412 Appiam
1074 2371 1161 2403 Plut.
1181 2372 1214 2404 in
1233 2372 1351 2418 Pomp.

63 2425 94 2447 c.
121 2423 180 2452 107
199 2440 208 2455 ,
226 2412 265 2446 &⁴
289 2414 372 2447 Caes.
399 2426 428 2448 c.
457 2424 508 2455 57.
535 2416 676 2452 Sueton.
701 2417 737 2449 'm
763 2415 847 2449 Caes.
873 2426 901 2448 c.
927 2416 981 2448 (³8.

35 2481 44 2490 ·
127 2470 178 2515 T.
199 2471 315 2516 Livii
351 2474 451 2517 Vol.
481 2472 549 2518 X.
790 2485 793 2488 ’
1025 2479 1027 2482 ⁴
1077 2472 1161 2522 Aa,
