1675 2959
220 198 223 210 „
267 143 332 191 68
431 139 1053 189 JO.FRE1NSHEM11
1099 132 1464 186 SUPPLEM.

266 250 378 301 fugit.
420 249 515 289 Inde
547 261 637 288 cum
673 247 825 286 mififfet
851 248 901 286 ad
930 246 1100 295 milites,
1134 247 1353 297 quaefitum,
1376 249 1464 301 quid
1487 260 1567 300 ergo

254 315 327 366 fibi
359 313 523 351 vellent?
555 319 688 361 aperte
714 310 932 348 Pharnacem
968 308 1210 359 postularunt
1235 323 1367 362 regem,
1394 310 1562 363 juvenem

261 390 328 428 pro
345 375 429 427 fine
451 373 679 411 eunuchorum
707 370 912 422 mancipio,
931 370 1091 419 filiorum
1113 372 1367 422 amicorumque
1386 371 1562 420 carnifice.

263 436 339 478 His
370 412 533 482 auditis,
561 431 806 473 Mithridates
823 460 834 480 ‚
856 434 899 469 ut
927 430 1033 481 spem
1059 429 1236 468 ultimam
1263 439 1457 480 tentaret,
1482 430 1564 481 ipse

264 497 502 537 allocuturus
539 506 604 534 eos
640 493 796 543 prodiit.
854 492 960 532 Tum
1002 491 1161 530 intentis
1197 491 1238 529 in
1275 491 1385 533 illum
1428 493 1559 543 digitis

265 558 497 607 transfugae,
522 571 590 604 en,
615 555 819 611 inquiunt,
856 555 917 606 qui
940 555 1079 606 transire
1109 554 1161 591 ad
1195 567 1261 591 nos
1278 554 1474 608 satagitis,
1502 554 1567 593 ubi

263 623 366 678 prius
383 622 493 670 fidem
511 619 665 671 fizciatis
689 618 799 656 animi
814 618 1045 670 propositique
1074 617 1187 671 vestri.

322 684 402 724 LII.
441 682 500 722 Ad
521 682 623 721 hanc
647 693 785 720 vocem
808 678 1045 730 prosilientes
1067 679 1287 730 complures
1301 709 1313 728 ,
1334 692 1480 730 equum
1503 678 1569 719 fu-

267 748 406 799 gientis
434 744 696 784 confoderunt
713 772 724 791 ,
757 743 974 781 Pharnacem
997 757 1104 795 regem
1136 742 1294 782 sublatis
1317 743 1478 783 vocibus
1501 755 1568 783 ac-

267 809 507 847 clamantes:
542 808 578 846 &
609 818 658 844 ne
683 804 849 844 dubitari
878 803 1043 854 amplius
1068 803 1210 854 posset,
1244 814 1392 855 raptam
1425 805 1566 856 aliquis

263 871 465 921 extemplo
489 881 701 921 papyrum,
727 867 841 906 instar
862 866 1092 906 diadematis
1118 868 1233 917 capiti
1261 867 1463 907 Pharnacis
1494 870 1567 907 cir.

266 933 498 985 cumposuit.
533 934 629 973 Haec
660 943 708 970 ex
730 929 908 969 altissimo
936 942 1048 968 muro
1083 929 1304 969 miserabilis
1335 930 1450 970 senex
1472 944 1567 971 con.

263 995 459 1046 spicatus,
483 993 613 1033 multis
640 991 820 1043 precibus
846 991 968 1030 oravit
992 989 1140 1038 filium,
1163 1003 1201 1029 ut
1221 1002 1331 1029 tutam
1347 989 1418 1043 fibi
1431 991 1565 1046 firgam

264 1059 462 1097 concederet
477 1087 488 1105 ‚
517 1055 611 1095 alios
634 1054 746 1104 supet
773 1051 878 1091 alios
895 1065 946 1090 ea*
969 1052 1017 1090 de
1042 1051 1154 1091 causa
1181 1051 1415 1092 miffitando.
1462 1054 1565 1093 Post.

267 1134 386 1172 quam
416 1133 532 1159 nemo
558 1116 844 1163 revertebatur,
868 1124 984 1165 atque
1010 1113 1190 1154 ultimam
1214 1114 1338 1155 adesse
1365 1117 1567 1156 necestita-

266 1192 348 1224 tem
379 1183 589 1231 sentiebat,
616 1176 843 1220 exclamaffe
873 1176 1016 1216 fertur:
1047 1178 1225 1228 Quoniam
1244 1177 1451 1217 Pharnaces
1480 1180 1567 1219 mori

255 1247 358 1301 jubet
370 1277 381 1295 ,
399 1261 486 1293 vos,
498 1246 535 1297 fi
553 1244 650 1297 estis,
665 1242 736 1281 Dii
746 1239 878 1293 patrii,
894 1254 1035 1293 precor,
1049 1251 1088 1277 ut
1101 1241 1308 1293 quandoque
1326 1238 1362 1277 6·
1382 1240 1455 1294 ips?
1469 1242 1563 1282 lzanc

265 1324 384 1349 vocem
407 1324 430 1347 a
454 1308 574 1345 liberis
594 1307 676 1360 suis
705 1304 844 1343 audiat.

322 1374 419 1414 LIII.
446 1371 694 1426 Collaudatos
725 1368 869 1409 deinde
891 1365 1071 1407 satellites
1099 1367 1135 1406 &
1161 1365 1332 1412 amicos,
1359 1364 1423 1415 qui
1451 1365 1567 1415 pauci

269 1437 374 1487 apud
395 1448 484 1474 eum
505 1433 764 1485 perstiterant,
776 1432 852 1484 fide
878 1432 928 1469 ad
945 1441 1131 1468 extremum
1145 1429 1321 1482 praestita,
1335 1430 1409 1481 fizae
1430 1428 1567 1466 incola.

267 1498 385 1536 mitari
398 1495 569 1548 confidere
583 1526 594 1543 ‚
609 1494 644 1532 6³
659 1496 706 1533 ire
721 1495 771 1531 ad
784 1494 955 1540 vibrarem,
967 1490 1088 1540 jubet.
1109 1490 1311 1540 statimque
1327 1489 1566 1531 descendens

268 1561 320 1599 ad
344 1559 507 1608 reliquas
533 1558 717 1607 conjuges
742 1552 957 1604 liberosque
979 1552 1314 1601 suos,venenum‚
1337 1552 1442 1602 quod
1465 1552 1565 1593 sem·

267 1635 337 1673 per
361 1633 452 1659 cum
477 1619 604 1670 gladio
631 1618 772 1669 gestare
795 1615 1064 1662 consueverat,
1089 1614 1232 1653 miscet.
1269 1614 1386 1654 Erant
1401 1614 1454 1654 ibi
1475 1615 1564 1654 duze

269 1683 361 1724 filiae
382 1683 567 1733 virgines,
583 1679 734 1719 duobus
751 1677 987 1725 Ptolemaeis,
1002 1677 1160 1728 AEgypti
1182 1676 1374 1727 Cyprique
1393 1675 1564 1727 regibus,

269 1746 491 1797 desponsae,
521 1743 762 1785 Mithridatis
803 1743 840 1782 ἃ
876 1739 1005 1793 Nyffa.
1054 1741 1124 1780 Hae
1152 1738 1255 1778 enise
1285 1750 1467 1790 rogarunt
1498 1753 1565 1790 pa.

268 1819 367 1850 trem
380 1841 392 1859 ,
411 1822 448 1848 ut
468 1810 543 1862 ipſs>
556 1808 734 1862 superstite
752 1818 968 1845 morerentur.
994 1803 1115 1855 Igitur
1131 1802 1191 1842 his
1209 1803 1377 1854 primum
1399 1815 1565 1843 venena·

271 1882 352 1913 tam
369 1873 595 1923 potionem,
614 1868 754 1908 deinde
767 1867 922 1917 reliquis
941 1866 1068 1905 dedit:
1093 1864 1172 1916 ipse
1189 1864 1311 1904 hausit
1327 1864 1563 1905 novissimus.

327 1936 421 1976 LIV.
443 1933 595 1983 Reliqui
611 1933 686 1970 cito
708 1931 878 1970 exstincti
904 1929 1012 1968 sunt:
1041 1927 1308 1975 Mithridates,
1327 1940 1560 1978 quamquam

270 1996 590 2038 vehementissimi
613 1995 754 2035 veneni
784 2006 967 2045 magnum
996 1992 1160 2030 modum
1197 1990 1390 2038 ebiberat,
1423 1992 1459 2030 δε
1483 1990 1563 2029 vim

272 2061 444 2111 potionis
471 2057 708 2097 ambulando
739 2064 897 2106 cuperet
924 2053 1158 2100 accendere,
1186 2060 1340 2100 tamen,
1357 2051 1565 2090 defenden-

273 2123 379 2162 thus
399 2121 552 2169 vitalia,
568 2133 651 2170 quae
666 2119 762 2169 saepe
778 2116 981 2165 sumserat,
1000 2116 1203 2163 remediis,
1227 2124 1398 2154 metuere
1423 2115 1563 2166 coepit,

276 2195 326 2223 ne
356 2184 396 2221 in
419 2182 515 2230 filii,
551 2183 586 2221 δι’
622 2181 763 2220 deinde
795 2180 1057 2219 Romanorum
1086 2179 1312 2228 potestatem
1348 2178 1560 2217 incideret:

278 2243 487 2295 gladioque
522 2243 708 2291 admoto,
739 2253 788 2280 ne
819 2240 869 2280 fic
898 2240 1058 2291 quidem
1091 2241 1238 2279 invenit
1264 2240 1440 2290 exitum,
1475 2240 1564 2290 quia

323 2378 348 2422 5
379 2378 434 2410 LI.
460 2377 600 2420 Quin&
634 2388 691 2419 ιι,
717 2388 747 2410 ι.
776 2376 864 2409 Plin.
888 2385 929 2419 7,
958 2387 1012 2421 30.
1037 2376 1110 2409 Cic.
1141 2378 1180 2411 de
1203 2379 1288 2421 legg.
1313 2387 1353 2420 3,
1385 2379 1467 2422 Q§
1493 2376 1566 2409 [II.

285 2423 361 2456 Cic
387 2425 420 2454 in
443 2424 561 2456 Vatin.
588 2435 615 2455 c.
643 2434 671 2462 ς.
690 2421 821 2454 Sallust
850 2404 991 2455 Catilin.
1020 2433 1048 2454 c.
1076 2428 1126 2454 20.
1154 2422 1265 2454 Dim»
1259 2434 1296 2455 r.
1329 2424 1350 2468 5
1382 2401 1467 2458 LllI.
1491 2422 1564 2456 Cic.

280 2470 315 2501 in
342 2467 442 2501 Pison
484 2468 517 2501 δε
537 2480 598 2513 pro
619 2469 703 2502 Sull.
727 2478 756 2500 c.
778 2477 832 2500 22.
856 2467 944 2501 Idem
969 2476 1042 2511 ριν)
1056 2467 1199 2500 Maraeu
1221 2477 1250 2500 c.
1270 2476 1303 2510 3.
