1675 2959
318 124 412 189 368
472 120 1126 171 JO.FRE1NSHEM11
1177 118 1542 168 SUPPLEM.

317 245 359 270 re
385 234 421 271 δε
459 231 558 270 male
593 230 736 270 habere
769 228 923 267 Caesaris
956 229 1252 268 frumentatores
1282 224 1456 278 poterat,
1487 226 1603 266 altera

315 292 542 332 facultatem
565 293 600 331 ei
628 291 822 330 tribuebat
844 290 1027 336 ducendi,
1051 292 1178 340 quoad
1204 290 1337 337 vellet,
1370 289 1472 329 belli.
1499 290 1602 328 Neu-2

316 362 419 394 trum
444 355 582 393 horum
604 351 736 392 Caesari
760 350 957 401 placebat,
981 352 1041 390 cui
1067 346 1164 390 {nihil
1189 365 1293 403 aeque
1315 350 1355 391 in
1375 353 1474 391 votis
1500 357 1604 396 erat·,

317 430 434 467 quam
454 424 497 454 ut
528 416 749 454 maturrime
778 413 826 450 ad
851 425 984 451 manus
1001 413 1213 454 veniretur.

374 476 550 516 XXXII.
577 477 695 525 Igitur
717 473 978 513 animadversa
1014 473 1091 513 loci
1126 483 1279 524 natura,
1317 476 1421 526 quod
1457 474 1605 512 circum

318 539 436 577 castra
463 538 698 586 Pompejana
723 534 902 585 permulti
923 544 1028 574 erant
1055 536 1147 575 editi
1170 538 1205 576 St
1227 536 1347 586 asperi
1369 536 1506 584 colles,
1532 534 1608 586 pri-

319 613 427 639 mum
457 597 510 637 ibi
535 596 686 636 castella
714 596 863 647 posuit:
891 599 1030 636 deinde
1055 612 1170 648 opera
1192 611 1214 637 e
1239 597 1390 637 castello
1414 598 1452 636 in
1481 595 1611 636 castel-

319 662 404 701 lum
436 661 596 699 instituit
621 662 790 708 ducere,
818 669 860 698 ut
886 673 907 698 a
940 661 1033 699 mari
1059 662 1109 700 ad
1136 674 1241 699 mare
1268 669 1453 711 perpetua
1479 658 1610 698 muni—

318 725 452 771 tione,
479 723 594 761 castra
624 721 798 771 Pompeji
828 722 1134 760 circumveniret.
1179 722 1241 760 Sic
1275 723 1449 775 equitatus
1474 721 1609 773 hostilis
1663 725 1665 727 '

316 785 455 824 nullum
481 784 543 837 effi:
565 784 662 837 ufizm
682 783 839 822 videbat
856 812 868 829 ‚
898 789 1037 832 eumque
1062 781 1153 818 ultro
1172 784 1369 834 conclusum
1396 783 1434 819 in
1466 781 1610 833 angusto

317 849 396 887 loco
413 848 540 901 pabuli
562 848 688 899 inopia
712 844 878 897 afflit‘lum
893 845 938 881 in·
949 859 966 891 ,·
984 843 1054 894 fibi
1079 844 1208 881 interea
1233 844 1372 882 liberam
1385 846 1608 896 frumentan-

317 911 361 945 di
381 909 550 947 rationem
582 907 730 959 relinqui
744 922 762 954 ‚-
794 905 850 953 δ’,
873 908 969 957 quod
989 905 1028 942 in
1061 904 1150 942 bello
1174 904 1321 941 maximi
1349 903 1451 955 ᾖξε,
1485 904 1610 940 audito

320 969 527 1024 Pompejum
553 969 695 1020 olfideri
711 998 722 1016 ,
754 982 858 1019 neque
890 967 1014 1019 proelio
1039 968 1162 1004 audere
1188 966 1410 1011 contendere,
1447 978 1611 1016 magnam

318 1033 379 1071 illi
411 1033 673 1070 deminutionem
707 1029 954 1076 anaoritatis,
991 1042 1067 1065 cum
1095 1029 1165 1080 sua
1188 1027 1324 1079 summa
1356 1026 1610 1078 existimatione

309 1097 405 1149 fora
459 1095 686 1144 PompeJus‚
723 1092 784 1130 cui
816 1104 941 1141 neque
979 1091 1179 1141 pugnandi
1211 1092 1366 1140 copiam
1399 1089 1481 1128 fieri
1521 1101 1608 1139 pro-

322 1158 509 1204 babatur,
537 1168 662 1206 neque
699 1153 895 1193 discedere
925 1166 945 1192 a
983 1152 1250 1204 Dyrrhachio,
1285 1152 1352 1190 ubi
1381 1160 1612 1202 apparatum

321 1232 479 1258 <inu-iem
504 1217 595 1257 belii
625 1215 909 1258 collocaverat,
932 1215 1026 1253 ratio
1055 1222 1156 1262 erat,
1183 1214 1288 1264 quod
1313 1226 1432 1252 unum
1459 1211 1613 1250 videba-

321 1285 385 1315 tur
408 1275 482 1313 ess'e
510 1274 701 1323 reliquum
716 1303 727 1320 ‚
754 1271 925 1310 laborem
946 1284 1084 1321 augere
1120 1274 1276 1318 Caesari,
1298 1288 1413 1321 quam
1437 1272 1615 1312 latissime

322 1337 485 1377 extensis
512 1335 716 1386 praemiiis,
741 1334 913 1373 instituit.

377 1397 577 1439 XXXIH.
607 1396 843 1447 Quindecim
870 1393 988 1433 millia
1014 1393 1188 1444 passuum
1212 1393 1461 1444 complexus,
1489 1392 1614 1433 multa

321 1461 547 1501 intrinsecus
577 1459 728 1498 castella
761 1458 966 1505 exstruxit,
999 1469 1118 1506 eaque
1147 1455 1225 1506 ipsa
1258 1456 1455 1505 conjunxit
1485 1456 1614 1505 operi-

323 1528 422 1576 bus,
459 1539 509 1564 ne
538 1537 612 1576 qua
641 1533 748 1574 parte
775 1521 895 1562 Caesar
917 1529 1191 1572 perrumperet.
1232 1521 1366 1569 Neque
1387 1531 1517 1558 tamen
1548 1518 1614 1556 hic

325 1588 563 1640 fatigabatur
582 1619 594 1633 ‚
628 1598 859 1637 quamquam
884 1583 1067 1623 cresceret
1094 1595 1217 1633 opus,
1258 1584 1293 1621 ἃ
1314 1583 1362 1621 ad
1388 1582 1506 1621 miliia
1530 1581 1617 1631 pas-

324 1654 435 1693 suum
461 1660 617 1690 centum
640 1648 913 1699 quinquaginta
940 1647 1175 1686 tenderetur.
1220 1646 1415 1685 Continua
1437 1645 1613 1693 interim,

323 1714 389 1756 sed
413 1726 528 1765 parva
555 1710 690 1763 proelia
718 1712 759 1749 in
783 1709 1022 1759 occupandis
1050 1709 1230 1759 praesidiis
1257 1707 1615 1749 committebantur.

326 1777 432 1818 Inter
456 1789 539 1826 quae
573 1786 676 1819 nona
704 1772 807 1822 legio
843 1769 1016 1818 Caesaris,
1049 1783 1138 1809 cum
1170 1771 1383 1821 praefidium
1419 1770 1618 1820 quoddam

325 1845 562 1888 occupatum
587 1834 735 1874 munire
759 1842 989 1881 conaretur,
1010 1845 1031 1871 a
1056 1832 1254 1884 sagittariis
1279 1830 1615 1880 funditoribusque

326 1899 527 1951 Pompeji‚
557 1900 592 1938 ἃ·
619 1909 758 1947 magna
778 1897 816 1936 vi
844 1895 987 1934 levium
1017 1908 1239 1941 armorum,
1263 1907 1493 1944 quamquam
1523 1906 1616 1942 prae-

326 1963 433 2002 sente
469 1960 640 2009 Caesare,
675 1965 752 1999 tam
787 1957 1036 1999 vehementer
1070 1967 1206 1997 vexata
1238 1957 1312 2005 est,
1341 1965 1404 2003 ut,
1431 1956 1614 2005 quoniam

326 2025 398 2064 fisti
426 2038 506 2064 non
540 2030 710 2074 poterat,
741 2021 903 2071 relinqui
930 2019 1061 2059 locum
1093 2027 1299 2070 oporteret.
1338 2017 1413 2058 Sed
1440 2028 1614 2066 receptus

327 2087 429 2138 ipse,
444 2100 559 2137 quam
582 2098 734 2136 pugna,
749 2084 951 2123 videbatur
971 2080 1242 2133 periculolior3
1262 2081 1351 2131 quia
1378 2092 1443 2130 per
1463 2078 1612 2116 declive

328 2147 634 2198 regredientibus
661 2158 708 2184 ex
731 2144 921 2196 superiore
949 2143 1036 2182 loco
1058 2143 1170 2181 hostis
1197 2142 1436 2181 imminebat.

385 2208 574 2249 XXXIV.
603 2208 751 2247 Idcirco
781 2206 973 2260 Pompejus
996 2208 1092 2258 apud
1104 2206 1191 2257 suos
1221 2204 1346 2255 dxtffe
1371 2203 1510 2246 fertur„
1544 2215 1614 2239 non

321 2271 365 2323 J}
397 2269 549 2321 recufizre
563 2299 578 2316 ‚
611 2270 697 2320 quin
721 2268 856 2306 nullius
881 2269 965 2320 usus
990 2269 1174 2319 imperator
1199 2267 1468 2318 existimamur,
1493 2265 1614 2314 fisine

378 2389 398 2427 g<
416 2387 538 2420 wrm.
558 2386 641 2420 Caes.
658 2387 740 2422 Dio.
755 2387 843 2421 Fior.
867 2386 889 2431 §
911 2386 1053 2419 XXXII.
1071 2385 1214 2429 Appian.
1227 2384 1321 2417 civil.
1336 2384 1358 2418 l,
1374 2383 1437 2427 2.§
1458 2380 1614 2415 xxxlu.

336 2432 421 2465 taes.
438 2434 582 2477 Appian.
601 2432 683 2466 Dio.
