1675 2959
282 124 381 171 '106
448 124 546 172 JO.
589 126 1103 179 FREINSHEMII
1136 133 1505 189 SUPPLEM:

281 228 380 273 lium
410 233 655 274 concurritur.
692 235 737 273 fit
768 236 808 274 in
841 236 1036 278 Romanos
1062 253 1112 280 ex
1135 242 1343 294 improviso
1374 245 1569 298 impetus,

281 293 547 344 oppidumque
580 295 621 335 in
657 296 884 346 potestatem
917 299 1171 352 Allobrogum
1200 305 1309 345 redit.

333 361 563 403 XXXVIII.
604 364 745 414 Agrum
773 373 903 404 tamen
930 368 1090 418 impune
1119 370 1320 412 Romanus
1353 373 1567 425 populaba-

280 428 344 462 tur
361 452 372 471 ,
396 423 522 463 donec
553 424 665 463 multi
695 426 743 464 ad
765 426 904 466 Isaram
927 429 1073 469 flumen
1105 432 1360 473 accolentium
1385 448 1474 476 cum
1499 438 1570 477 Ca-

277 492 461 536 tugnato,
477 488 599 537 gentis
614 488 800 528 universae
824 490 943 540 duce,
962 493 1166 534 affuerunt.
1194 495 1253 534 Ibi
1274 497 1460 550 Manlius,
1477 511 1568 552 cum

276 548 433 586 transitu
471 548 666 598 prohiberi
703 549 826 590 hostes
867 563 1024 608 propter
1065 555 1355 597 multitudinem
1388 562 1568 611 navigio-

275 620 362 647 rum
385 623 463 649 non
484 610 659 660 possent,
685 613 849 662 veritus,
865 615 890 653 fi
913 624 1044 665 aperte
1055 617 1210 657 strueret
1232 620 1376 668 aciem,
1402 634 1450 659 ne
1470 635 1563 662 con-

273 671 361 710 ferti
399 673 570 722 unirique
605 675 899 725 incumberent,
935 678 973 716 in
1002 681 1225 731 propinquis
1254 683 1405 722 flumini
1433 697 1566 731 nemo.

228 744 231 749 ’
273 733 382 772 ribus
413 734 595 774 occultus
628 737 825 786 consedit,
856 748 899 777 ut
926 740 1121 790 diffipatos
1157 745 1192 782 ἃ
1221 744 1298 784 fine
1327 755 1431 785 metu
1462 748 1566 797 traji-

276 794 422 833 cientes
452 798 661 847 exciperet.
701 800 798 851 Satis
830 801 993 840 feliciter
1026 804 1203 853 proceffit
1236 807 1471 857 aliquamdiu
1499 812 1568 849 do-

271 854 344 894 lus.
384 857 459 897 Sed
493 858 558 898 ubi
586 860 780 911 fugientes
809 863 995 913 quosdam
1029 865 1247 916 insecutus,
1270 868 1309 907 in
1334 869 1457 920 ipsum
1491 872 1586 911 Ca:-

270 924 476 967 tugnatum
504 928 648 960 temere
681 922 844 972 incidit,
870 937 959 964 cum
996 927 1177 966 omnibus
1195 927 1269 967 suis
1305 932 1494 982 perierat,
1520 934 1565 973 ni

271 981 472 1029 repentina
496 983 701 1033 tempestas
725 983 821 1023 hosti
843 984 948 1024 suam
973 987 1212 1028 occasionem
1237 991 1440 1040 eripuifl'et.

331 1049 531 1091 XXXIX.
570 1053 699 1092 Postea
727 1054 944 1105 Catugnato
975 1056 1128 1108 longius
1163 1059 1420 1110 abscedente,
1447 1063 1562 1102 rediit

269 1111 321 1150 ad
346 1112 523 1153 Ventiam
550 1115 757 1164 Lentinus,
785 1116 1049 1168 obsessamque
1085 1121 1120 1159 ἃ.
1152 1133 1411 1172 oppugnatam
1433 1125 1472 1162 vi
1503 1137 1563 1163 ce-

266 1174 337 1223 pit.
367 1175 516 1214 Servius
546 1185 676 1216 autem
696 1177 845 1225 Galba,
872 1181 907 1218 Sc
929 1180 969 1220 L.
999 1181 1172 1221 Marcius
1204 1182 1339 1235 legati,
1366 1185 1560 1226 Rhodano

267 1236 502 1287 transmisso,
533 1239 801 1289 populabundi
831 1255 940 1291 agros
970 1243 1242 1296 Allobrogum,
1269 1246 1468 1287 Solonium
1493 1262 1562 1300 op-

265 1299 404 1349 pidum
432 1313 707 1351 pervenerant3
738 1304 891 1344 castello
917 1307 1065 1345 munito
1089 1306 1192 1347 haud
1223 1310 1357 1359 procul
1381 1311 1469 1351 inde
1490 1325 1560 1363 po-

267 1359 343 1399 titi.
383 1361 647 1402 occurrentes
674 1364 817 1403 deinde.
844 1364 968 1405 hostes
999 1367 1136 1417 proelio
1167 1369 1373 1417 fuderunt,
1409 1372 1559 1423 oppidi-

264 1434 341 1472 que
368 1432 514 1473 partem
544 1426 822 1474 incenderunt3
859 1440 946 1466 nam
970 1427 1151 1479 pleraque
1177 1430 1336 1469 aedificia
1360 1431 1464 1483 ligno
1490 1445 1558 1473 ex-

262 1484 400 1524 structa
428 1486 601 1528 fuerant:
637 1501 684 1527 ne
710 1488 926 1528 universum
959 1502 1138 1540 caperent
1156 1522 1168 1538 ‚
1194 1492 1397 1544 Catugnati
1425 1494 1557 1546 super-

263 1554 381 1584 ventu
419 1547 616 1597 prohibiti.
665 1549 739 1590 His
771 1549 882 1589 rebus
915 1551 1077 1600 auditis,
1110 1553 1307 1593 Pontinius
1341 1567 1429 1594 cum
1468 1564 1553 1596 toto

262 1610 434 1648 exercitu
459 1611 605 1660 movit,
633 1611 872 1664 obsefl‘osque
889 1614 1032 1664 hostes,
1050 1627 1186 1667 praeter
1205 1616 1462 1669 Catugnatum
1476 1650 1486 1668 ,
1512 1620 1554 1660 in

263 1669 503 1711 deditionem
530 1674 688 1723 recepit.

330 1732 413 1772 XL.
455 1734 557 1773 Dum
585 1734 666 1773 haec
707 1746 913 1786 geruntur,
938 1737 1071 1777 Romae
1102 1739 1346 1780 comitiorum
1380 1741 1553 1783 fervebat

261 1793 454 1842 ambitus,
481 1808 560 1834 non
585 1795 662 1835 fine
689 1799 794 1847 gravi
817 1798 928 1849 culpa
955 1799 1150 1850 Pompeji,
1176 1802 1263 1852 qui,
1288 1812 1331 1842 ut
1351 1803 1549 1846 Afranium

261 1853 546 1907 Metellumque
579 1857 753 1897 consules
788 1860 982 1909 efficeret,
1016 1860 1216 1912 largitione
1257 1864 1401 1912 magis,
1431 1878 1550 1914 quam

261 1914 324 1953 vel
355 1918 606 1966 auctoritate,
641 1918 701 1958 vel
735 1922 852 1971 gratia
886 1922 1094 1973 pugnabat.
1141 1924 1185 1964 In
1225 1937 1272 1964 eo
1302 1927 1458 1975 negotio
1489 1927 1550 1968 Μ’.

261 1974 399 2016 Pisone
430 1977 586 2018 consule
626 1980 683 2019 uti
723 1983 960 2022 credebatur.
1007 1984 1148 2023 Contra
1183 1984 1265 2024 haec
1299 1996 1376 2024 tam
1414 1988 1547 2028 adulta

258 2037 350 2076 vitia
388 2052 521 2088 parum
556 2051 622 2080 aut
652 2044 844 2083 veteribus
877 2044 1050 2113 lepibus,
1078 2055 1143 2084 aut
1176 2049 1288 2086 novis
1326 2049 1545 2098 profectum

257 2098 323 2136 est.
346 2100 445 2139 Nam
471 2102 593 2142 Lurco
618 2105 796 2145 tribunus
821 2106 944 2157 plebis
972 2108 1020 2146 de
1039 2108 1185 2147 ambitu
1210 2109 1357 2148 ferebat
1379 2110 1453 2149 hoc
1474 2124 1546 2150 no-

259 2173 377 2210 vum,
403 2175 465 2211 ut,
491 2167 550 2218 qui
579 2181 736 2206 nummos
769 2169 805 2206 in
836 2170 927 2207 tribu
949 2172 1216 2223 pronuntiavit,
1230 2173 1269 2222 fi
1291 2187 1362 2210 non
1387 2175 1542 2223 dederit,

304 2315 327 2359 5
353 2315 525 2349 XXXVII.
549 2316 638 2349 Plut.
662 2317 736 2350 Cic.
755 2317 795 2350 de
815 2317 952 2362 harusp.
979 2318 1065 2361 resp.
1082 2330 1110 2350 c.
1132 2327 1183 2357 17.
1199 2319 1340 2351 Sueton.
1357 2320 1390 2351 in
1405 2320 1490 2363 Aug.
1504 2331 1538 2352 c.

253 2378 310 2411 94.
339 2367 479 2400 Diodor.
505 2368 526 2411 §
548 2369 738 2401 xxxvm.
764 2369 907 2401 Diodor.
933 2372 956 2402 l.
981 2380 1032 2411 3·.
1057 2369 1200 2410 Tertull.
1224 2371 1264 2405 de
1294 2373 1395 2406 anim.
1427 2383 1456 2410 c.
1481 2371 1541 2413 46„

256 2418 282 2469 5
296 2418 452 2458 XXXIX.
476 2419 569 2464 Pigh.
590 2421 701 2462 anna-l.
726 2421 804 2461 Liv.
830 2421 921 2468 Epit.
942 2421 1086 2458 Diodor.
