1675 2959
294 185 393 231 404
458 172 554 218 ΞΟ.
593 167 1098 218 FREINSHEMII
1127 170 1513 219 SUPPLEM.

293 278 363 330 ipse
380 277 475 330 fft,
495 286 707 329 occupata,
732 286 867 328 praeter
888 290 974 316 eam
999 286 1147 327 partem
1162 309 1173 327 ,
1189 291 1303 329 quam
1329 278 1448 318 Caesar
1473 289 1578 318 tene-
1670 224 1675 323 l

293 338 386 387 bat,
417 339 674 388 Alexandria,
706 340 850 390 regiam
879 340 1089 389 irrumpere
1121 341 1246 391 primo
1271 343 1396 381 statim
1427 343 1576 392 impetu

290 410 450 440 conatus
475 401 538 441 est.

347 462 450 504 XLI.
483 463 691 510 Nunquam
716 460 755 498 in
790 461 937 509 majore
961 461 1134 511 periculo
1163 463 1283 502 Caesar
1308 463 1395 503 fuit.
1431 463 1576 502 Paucos
1670 484 1675 513 4

289 522 460 564 habebat
481 523 644 562 milites:
671 523 768 562 inter
788 524 905 563 infida
926 524 1138 574 infestaque
1159 527 1309 572 omnia,
1323 526 1417 566 locis
1440 540 1575 578 parum
1661 533 1675 560 Α

288 587 476 634 munitis,
504 599 525 625 a
551 585 717 624 maxima
743 586 991 625 multitudine
1017 587 1323 637 oppugnabatur.
1358 588 1493 638 Neque
1518 588 1575 626 in-
1670 593 1675 598 '

285 649 467 693 condita,
495 654 560 686 aut
586 647 693 686 rudis
724 646 914 686 bellorum
943 647 1053 687 turba
1078 657 1170 687 erat.
1205 647 1334 688 Miltia
1364 647 1468 687 haud
1501 649 1573 687 mi-

287 722 360 748 nus
388 708 522 758 viginti
553 707 805 758 sequebantur
837 708 1054 756 Achillam,
1092 721 1179 760 pars
1207 722 1345 759 magna
1374 709 1573 749 Romanus

284 769 419 817 miles,
446 769 509 819 qui
535 768 627 808 olim
655 769 845 808 addufius
867 783 887 808 a
909 770 1095 819 Gabinio,
1112 769 1329 821 mixtusque
1348 771 1572 818 connubiis,

285 846 414 872 mores
438 832 716 871 Alexandrinos
744 833 1016 884 licentiamque
1048 833 1264 873 imbiberat.
1304 833 1372 873 His
1407 834 1574 873 accesse-

282 903 369 934 rant
390 895 474 944 Syri
498 894 708 944 Cilicesque
726 897 922 945 praedones
936 927 947 945 ‚
969 898 1005 935 ἃ
1028 896 1217 946 quidquid
1238 896 1275 933 in
1292 894 1465 934 finitimis
1485 909 1571 946 pro-

281 956 417 996 vinciis
455 956 615 994 audacia
649 956 913 995 turbulentum
956 956 1094 995 fuerat,
1134 956 1314 995 Praeterea
1345 956 1423 995 duo
1451 955 1571 996 millia

282 1019 458 1068 equitum
483 1027 615 1066 erant,¹
643 1019 852 1058 inveterata
874 1019 1065 1070 AEgyptiis
1093 1018 1202 1058 bellis
1228 1031 1373 1058 manus.
1407 1018 1477 1057 His
1506 1030 1571 1057 co-

279 1079 359 1129 piis
386 1077 555 1117 Achillas
590 1079 779 1129 oppidum
803 1079 1011 1129 ingreffus,
1047 1082 1234 1125 majorem
1260 1079 1396 1130 populi
1420 1088 1568 1130 partem

279 1141 350 1180 fibi
374 1141 497 1179 statim
522 1139 764 1187 adjunxerat.

337 1202 461 1242 XLII.
496 1201 599 1242 Nam
635 1210 769 1250 praeter
801 1197 1047 1238 nobilitatem
1076 1197 1248 1247 ingenii,
1285 1196 1476 1236 bellorum
1503 1197 1570 1236 in-

279 1265 492 1304 commoda
516 1262 698 1304 Caesarem
726 1261 917 1302 advehere
944 1260 1011 1300 fibi
1035 1261 1359 1311 indignabantur,
1378 1263 1454 1309 jam
1480 1269 1568 1300 ante

277 1328 365 1366 irati
390 1326 636 1374 numinibus,
666 1324 768 1375 quod
799 1323 960 1362 minimo
984 1331 1066 1362 tum
1103 1323 1343 1362 incremento
1370 1322 1481 1362 Nilus
1509 1322 1565 1361 so·

274 1388 386 1428 litam
415 1389 629 1427 ubertatem
653 1387 807 1437 frugum
839 1399 884 1425 eo
914 1399 1015 1424 anno
1055 1385 1373 1436 interpellaverat.
1422 1384 1565 1424 Contra

276 1451 356 1490 vim
386 1448 525 1488 horum
563 1447 684 1487 Caesar
714 1447 856 1497 regiam
889 1448 925 1486 &
952 1446 1079 1485 vicina
1115 1447 1277 1486 aedificia
1311 1445 1563 1486 tumultuario

278 1523 398 1562 opere
413 1542 425 1559 ‚
452 1509 546 1549 fossa
569 1508 748 1559 valloque
767 1508 814 1546 ad
838 1520 942 1546 mare
961 1507 1077 1557 usque
1099 1508 1299 1554 deductis,
1326 1508 1564 1546 muniverat:

277 1587 326 1612 eo
357 1572 511 1612 facilius
542 1571 701 1611 defendi
725 1571 872 1621 potuit,
909 1569 1135 1609 cohortibus
1166 1583 1233 1620 per
1260 1571 1337 1609 vias
1362 1570 1562 1620 dispositis,

275 1637 353 1677 Sed
386 1637 524 1676 eodem
557 1645 733 1686 tempore
763 1635 812 1674 ad
847 1644 1002 1685 portum
1034 1633 1296 1684 pugnabatur,
1332 1633 1396 1672 ubi
1428 1641 1563 1683 praeter

273 1701 434 1740 solitum
463 1699 697 1740 Alexandriae
730 1698 972 1748 praesidium,
1007 1698 1182 1737 rostratas
1218 1698 1311 1736 duas
1337 1700 1372 1736 δι
1405 1696 1563 1747 viginti,

273 1762 358 1802 aliae
386 1775 499 1801 naves
527 1761 650 1811 longae
674 1759 864 1810 AEgyptiae
883 1759 1162 1810 quinquaginta
1185 1758 1353 1807 stabant,
1377 1758 1561 1797 instruc'tae

274 1834 495 1874 ornataeque
510 1853 522 1873 ,
545 1823 601 1862 uti
632 1823 751 1862 modo
768 1821 851 1872 post
875 1820 1045 1870 Pompeji
1065 1820 1218 1868 fugam,
1239 1819 1300 1858 cui
1325 1830 1431 1858 erant
1456 1818 1563 1857 auxi-

273 1885 327 1924 lio
359 1885 495 1932 misl'ae,
527 1885 729 1925 redierant.
767 1883 834 1922 has
864 1883 886 1922 fi
919 1895 1106 1932 occupare
1133 1881 1300 1921 Achillas
1328 1881 1477 1932 posset,
1502 1882 1559 1920 vi-

275 1946 415 1993 debat,
438 1944 686 1985 interclusum
720 1944 901 1984 omnibus
928 1943 1081 1983 auxiliis
1108 1955 1406 1993 commeatuque
1437 1942 1559 1982 Caesa-

273 2021 355 2048 rem
374 2040 385 2057 ‚
414 2009 490 2047 cito
518 2008 691 2047 futurum
716 2008 755 2046 in
780 2006 976 2058 potestate.

328 2070 470 2109 XLIII.
509 2070 584 2110 Sed
608 2083 690 2119 quae
713 2069 762 2108 ad
787 2069 1091 2120 oppugnandum
1107 2068 1329 2119 AEgyptios,
1353 2069 1488 2106 eadem
1507 2067 1556 2106 ad

271 2130 518 2169 resistendum
549 2130 736 2168 incitabat
761 2129 943 2169 Caesarem
965 2130 1076 2169 causa
1092 2159 1104 2176 ‚
1134 2139 1241 2169 tanto
1271 2129 1478 2168 acrioribus
1497 2129 1555 2167 sti-

272 2192 387 2232 mulis
403 2223 414 2240 ‚
447 2193 535 2242 quia
562 2206 638 2231 non
664 2204 740 2231 tam
770 2194 818 2232 de
842 2193 1018 2241 victoria,
1043 2207 1157 2243 quarn
1181 2206 1250 2242 pro
1269 2191 1386 2230 salute
1408 2205 1556 2242 pugna·

271 2255 348 2294 bat.
375 2257 410 2294 ἃ
430 2254 632 2304 juvabatur
656 2255 792 2304 class'e,
813 2270 886 2306 qua
909 2267 988 2295 erat
1010 2258 1201 2296 advedtus.
1220 2257 1366 2295 idcirco
1383 2255 1553 2294 obtinuit

270 2320 321 2358 ad
351 2328 586 2382 extremum3
614 2322 674 2366 ok,
699 2321 788 2368 quia
817 2319 911 2357 tueri
935 2328 1012 2358 tam
1037 2320 1163 2369 parvis
1186 2318 1306 2368 copiis
1334 2317 1463 2356 omnia
1487 2328 1554 2355 ne-

318 2436 339 2477 §
365 2436 433 2468 XL.
461 2435 543 2466 (ja-s.
568 2435 648 2466 Dio.
674 2435 695 2477 ᾖ
713 2434 800 2468 XLI.
825 2434 912 2467 Plut.
940 2434 1024 2469 Caes.
1050 2434 1152 2467 Oros.
1172 2434 1210 2475 6,
1231 2444 1282 2474 ις.
1305 2432 1385 2466 Dio.
1404 2432 1426 2477 §
1447 2431 1551 2466 XLII·

269 2478 356 2515 1³1m.
379 2491 418 2525 3,
438 2491 470 2524 9.
496 2480 577 2514 Dio.
602 2479 686 2513 Caes.
