<?xml version="1.0" encoding="UTF-8"?>
<!DOCTYPE html PUBLIC "-//W3C//DTD XHTML 1.0 Transitional//EN"
    "http://www.w3.org/TR/xhtml1/DTD/xhtml1-transitional.dtd">
<html xmlns="http://www.w3.org/1999/xhtml" xml:lang="en" lang="en">
 <head>
  <title>
</title>
<meta http-equiv="Content-Type" content="text/html;charset=utf-8" />
  <meta name='ocr-system' content='tesseract 3.04.00' />
  <meta name='ocr-capabilities' content='ocr_page ocr_carea ocr_par ocr_line ocrx_word'/>
</head>
<body>
  <div class='ocr_page' id='page_1' title='image "./historiarumlibri10livyuoft_0219.png"; bbox 0 0 1675 2959; ppageno 0'>
   <div class='ocr_carea' id='block_1_1' title="bbox 307 107 1352 178">
    <p class='ocr_par' dir='ltr' id='par_1_1' title="bbox 307 107 1352 178">
     <span class='ocr_line' id='line_1_1' title="bbox 307 107 1352 178; baseline -0.001 -17"><span class='ocrx_word' id='word_1_1' title='bbox 307 110 388 161; x_wconf 89' lang='lat' dir='ltr'><strong>IN</strong></span> <span class='ocrx_word' id='word_1_2' title='bbox 431 114 602 161; x_wconf 81' lang='lat' dir='ltr'>LOC.</span> <span class='ocrx_word' id='word_1_3' title='bbox 643 114 781 159; x_wconf 85' lang='lat' dir='ltr'><strong>LIB.</strong></span> <span class='ocrx_word' id='word_1_4' title='bbox 824 108 911 158; x_wconf 83' lang='lat' dir='ltr'><strong>CV</strong></span> <span class='ocrx_word' id='word_1_5' title='bbox 948 107 1085 159; x_wconf 81' lang='lat' dir='ltr'>L1V.</span> <span class='ocrx_word' id='word_1_6' title='bbox 1268 129 1352 178; x_wconf 81' lang='lat'><strong>193</strong></span> 
     </span>
    </p>
   </div>
   <div class='ocr_carea' id='block_1_2' title="bbox 53 213 1371 2309">
    <p class='ocr_par' dir='ltr' id='par_1_2' title="bbox 63 213 1357 884">
     <span class='ocr_line' id='line_1_2' title="bbox 133 213 1355 272; baseline -0.002 -10"><span class='ocrx_word' id='word_1_7' title='bbox 133 213 197 262; x_wconf 72' lang='grc' dir='ltr'><strong>Π.</strong></span> <span class='ocrx_word' id='word_1_8' title='bbox 233 220 371 272; x_wconf 84' lang='lat' dir='ltr'><strong>Neque</strong></span> <span class='ocrx_word' id='word_1_9' title='bbox 398 220 468 261; x_wconf 87' lang='lat' dir='ltr'><strong>ulli</strong></span> <span class='ocrx_word' id='word_1_10' title='bbox 496 229 580 260; x_wconf 86' lang='lat' dir='ltr'><strong>tum</strong></span> <span class='ocrx_word' id='word_1_11' title='bbox 607 219 897 259; x_wconf 87' lang='lat' dir='ltr'><strong>contradicendi</strong></span> <span class='ocrx_word' id='word_1_12' title='bbox 927 219 1101 267; x_wconf 79' lang='lat' dir='ltr'><strong>animus,</strong></span> <span class='ocrx_word' id='word_1_13' title='bbox 1124 225 1188 257; x_wconf 87' lang='lat' dir='ltr'><strong>aut</strong></span> <span class='ocrx_word' id='word_1_14' title='bbox 1214 219 1355 260; x_wconf 79' lang='lat' dir='ltr'><strong>fiducia</strong></span> 
     </span>
     <span class='ocr_line' id='line_1_3' title="bbox 65 281 1355 334; baseline -0.001 -10"><span class='ocrx_word' id='word_1_15' title='bbox 65 284 159 324; x_wconf 80' lang='lat' dir='ltr'><strong>fuit:</strong></span> <span class='ocrx_word' id='word_1_16' title='bbox 181 292 260 322; x_wconf 85' lang='lat' dir='ltr'><strong>tam</strong></span> <span class='ocrx_word' id='word_1_17' title='bbox 286 286 320 324; x_wconf 65' lang='grc' dir='ltr'><strong>δ’(</strong></span> <span class='ocrx_word' id='word_1_18' title='bbox 341 297 469 334; x_wconf 85' lang='lat' dir='ltr'><strong>graves</strong></span> <span class='ocrx_word' id='word_1_19' title='bbox 493 283 734 334; x_wconf 84' lang='lat' dir='ltr'>querelarum</span> <span class='ocrx_word' id='word_1_20' title='bbox 758 282 887 322; x_wconf 83' lang='lat' dir='ltr'>causas</span> <span class='ocrx_word' id='word_1_21' title='bbox 910 281 1051 321; x_wconf 86' lang='lat' dir='ltr'><strong>habere</strong></span> <span class='ocrx_word' id='word_1_22' title='bbox 1071 282 1289 330; x_wconf 85' lang='lat' dir='ltr'><strong>consulem,</strong></span> <span class='ocrx_word' id='word_1_23' title='bbox 1316 286 1355 323; x_wconf 73' lang='lat' dir='ltr'><strong>Sc</strong></span> 
     </span>
     <span class='ocr_line' id='line_1_4' title="bbox 63 344 1351 395; baseline -0.002 -11"><span class='ocrx_word' id='word_1_24' title='bbox 63 344 293 384; x_wconf 82' lang='lat' dir='ltr'>concionem</span> <span class='ocrx_word' id='word_1_25' title='bbox 319 344 539 391; x_wconf 83' lang='lat' dir='ltr'><strong>faventem,</strong></span> <span class='ocrx_word' id='word_1_26' title='bbox 561 344 781 395; x_wconf 81' lang='lat' dir='ltr'><strong>apparebat.</strong></span> <span class='ocrx_word' id='word_1_27' title='bbox 820 344 977 394; x_wconf 79' lang='lat' dir='ltr'><strong>Quippe</strong></span> <span class='ocrx_word' id='word_1_28' title='bbox 1001 355 1091 382; x_wconf 91' lang='lat' dir='ltr'><strong>cum</strong></span> <span class='ocrx_word' id='word_1_29' title='bbox 1117 344 1261 382; x_wconf 79' lang='lat' dir='ltr'><em>nimiam</em></span> <span class='ocrx_word' id='word_1_30' title='bbox 1287 346 1351 385; x_wconf 72' lang='lat' dir='ltr'><strong>Cn,</strong></span> 
     </span>
     <span class='ocr_line' id='line_1_5' title="bbox 63 401 1356 456; baseline 0 -13"><span class='ocrx_word' id='word_1_31' title='bbox 63 403 226 456; x_wconf 83' lang='lat' dir='ltr'><strong>Pompeji</strong></span> <span class='ocrx_word' id='word_1_32' title='bbox 246 404 439 455; x_wconf 83' lang='lat' dir='ltr'><strong>potentiam</strong></span> <span class='ocrx_word' id='word_1_33' title='bbox 461 403 676 453; x_wconf 87' lang='lat' dir='ltr'><strong>accusaret,</strong></span> <span class='ocrx_word' id='word_1_34' title='bbox 697 403 892 443; x_wconf 87' lang='lat' dir='ltr'><strong>universus</strong></span> <span class='ocrx_word' id='word_1_35' title='bbox 915 404 947 442; x_wconf 89' lang='lat' dir='ltr'><strong>ei</strong></span> <span class='ocrx_word' id='word_1_36' title='bbox 970 401 1138 455; x_wconf 87' lang='lat' dir='ltr'><strong>populus</strong></span> <span class='ocrx_word' id='word_1_37' title='bbox 1161 404 1261 443; x_wconf 87' lang='lat' dir='ltr'><strong>clara</strong></span> <span class='ocrx_word' id='word_1_38' title='bbox 1286 418 1356 443; x_wconf 87' lang='lat' dir='ltr'><strong>vo-</strong></span> 
     </span>
     <span class='ocr_line' id='line_1_6' title="bbox 64 464 1355 518; baseline -0.002 -15"><span class='ocrx_word' id='word_1_39' title='bbox 64 477 110 503; x_wconf 83' lang='lat' dir='ltr'><strong>ce</strong></span> <span class='ocrx_word' id='word_1_40' title='bbox 124 464 287 504; x_wconf 71' lang='lat' dir='ltr'><strong>assensus</strong></span> <span class='ocrx_word' id='word_1_41' title='bbox 308 464 371 504; x_wconf 83' lang='lat' dir='ltr'><strong>est.</strong></span> <span class='ocrx_word' id='word_1_42' title='bbox 399 467 523 515; x_wconf 78' lang='lat' dir='ltr'><strong>Atque</strong></span> <span class='ocrx_word' id='word_1_43' title='bbox 543 465 631 513; x_wconf 83' lang='lat' dir='ltr'><strong>ille,</strong></span> <span class='ocrx_word' id='word_1_44' title='bbox 647 467 859 512; x_wconf 71' lang='lat' dir='ltr'><strong>acclamate,</strong></span> <span class='ocrx_word' id='word_1_45' title='bbox 873 466 1016 516; x_wconf 81' lang='lat' dir='ltr'><strong>inquit,</strong></span> <span class='ocrx_word' id='word_1_46' title='bbox 1039 467 1222 518; x_wconf 51' lang='lat' dir='ltr'><strong>Quirites,</strong></span> <span class='ocrx_word' id='word_1_47' title='bbox 1237 467 1355 505; x_wconf 61' lang='lat' dir='ltr'><strong>acela&gt;-</strong></span> 
     </span>
     <span class='ocr_line' id='line_1_7' title="bbox 64 527 1353 580; baseline 0.002 -15"><span class='ocrx_word' id='word_1_48' title='bbox 64 537 176 575; x_wconf 86' lang='lat' dir='ltr'><strong>mate,</strong></span> <span class='ocrx_word' id='word_1_49' title='bbox 189 528 270 565; x_wconf 87' lang='lat' dir='ltr'><strong>dum</strong></span> <span class='ocrx_word' id='word_1_50' title='bbox 290 527 390 565; x_wconf 79' lang='lat' dir='ltr'><strong>licet.-</strong></span> <span class='ocrx_word' id='word_1_51' title='bbox 410 541 493 565; x_wconf 88' lang='lat' dir='ltr'><strong>mox</strong></span> <span class='ocrx_word' id='word_1_52' title='bbox 512 528 600 565; x_wconf 84' lang='lat' dir='ltr'><strong>enim</strong></span> <span class='ocrx_word' id='word_1_53' title='bbox 619 528 756 579; x_wconf 82' lang='lat' dir='ltr'><strong>impune</strong></span> <span class='ocrx_word' id='word_1_54' title='bbox 768 527 890 580; x_wconf 83' lang='lat' dir='ltr'><strong>facere</strong></span> <span class='ocrx_word' id='word_1_55' title='bbox 905 543 975 566; x_wconf 79' lang='lat' dir='ltr'><strong>non</strong></span> <span class='ocrx_word' id='word_1_56' title='bbox 995 529 1121 568; x_wconf 83' lang='lat' dir='ltr'><em>licebit.</em></span> <span class='ocrx_word' id='word_1_57' title='bbox 1149 528 1219 568; x_wconf 88' lang='lat' dir='ltr'><strong>His</strong></span> <span class='ocrx_word' id='word_1_58' title='bbox 1234 529 1327 568; x_wconf 66' lang='lat' dir='ltr'><strong>actis</strong></span> <span class='ocrx_word' id='word_1_59' title='bbox 1340 557 1353 577; x_wconf 86' lang='lat'><strong>,</strong></span> 
     </span>
     <span class='ocr_line' id='line_1_8' title="bbox 66 588 1357 639; baseline 0.005 -15"><span class='ocrx_word' id='word_1_60' title='bbox 66 598 157 627; x_wconf 88' lang='lat' dir='ltr'><strong>cum</strong></span> <span class='ocrx_word' id='word_1_61' title='bbox 181 588 311 628; x_wconf 74' lang='lat' dir='ltr'><strong>reversi</strong></span> <span class='ocrx_word' id='word_1_62' title='bbox 341 588 380 626; x_wconf 87' lang='lat' dir='ltr'><strong>in</strong></span> <span class='ocrx_word' id='word_1_63' title='bbox 412 588 557 627; x_wconf 83' lang='lat' dir='ltr'><strong>curiam</strong></span> <span class='ocrx_word' id='word_1_64' title='bbox 581 588 720 637; x_wconf 78' lang='lat' dir='ltr'><strong>essent,</strong></span> <span class='ocrx_word' id='word_1_65' title='bbox 749 589 786 629; x_wconf 88' lang='lat' dir='ltr'><strong>P.</strong></span> <span class='ocrx_word' id='word_1_66' title='bbox 809 589 995 638; x_wconf 78' lang='lat' dir='ltr'>Clodius,</span> <span class='ocrx_word' id='word_1_67' title='bbox 1020 590 1166 630; x_wconf 83' lang='lat' dir='ltr'><strong>servato</strong></span> <span class='ocrx_word' id='word_1_68' title='bbox 1189 591 1326 630; x_wconf 87' lang='lat' dir='ltr'><strong>vestitu</strong></span> <span class='ocrx_word' id='word_1_69' title='bbox 1342 618 1357 639; x_wconf 68' lang='lat'><strong>,</strong></span> 
     </span>
     <span class='ocr_line' id='line_1_9' title="bbox 66 648 1355 701; baseline 0.004 -15"><span class='ocrx_word' id='word_1_70' title='bbox 66 648 107 686; x_wconf 90' lang='lat' dir='ltr'><strong>in</strong></span> <span class='ocrx_word' id='word_1_71' title='bbox 129 649 359 688; x_wconf 86' lang='lat' dir='ltr'><strong>concionem</strong></span> <span class='ocrx_word' id='word_1_72' title='bbox 387 648 522 700; x_wconf 87' lang='lat' dir='ltr'><strong>populi</strong></span> <span class='ocrx_word' id='word_1_73' title='bbox 545 649 779 701; x_wconf 80' lang='lat' dir='ltr'><strong>progressus,</strong></span> <span class='ocrx_word' id='word_1_74' title='bbox 806 650 1002 690; x_wconf 89' lang='lat' dir='ltr'><strong>consulem</strong></span> <span class='ocrx_word' id='word_1_75' title='bbox 1021 653 1056 690; x_wconf 61' lang='grc' dir='ltr'><strong>ὃς</strong></span> <span class='ocrx_word' id='word_1_76' title='bbox 1073 660 1220 690; x_wconf 88' lang='lat' dir='ltr'><strong>ceteros</strong></span> <span class='ocrx_word' id='word_1_77' title='bbox 1248 664 1355 691; x_wconf 85' lang='lat' dir='ltr'><strong>acer·</strong></span> 
     </span>
     <span class='ocr_line' id='line_1_10' title="bbox 64 710 1355 763; baseline 0.003 -15"><span class='ocrx_word' id='word_1_78' title='bbox 64 710 161 749; x_wconf 76' lang='lat' dir='ltr'><strong>rime</strong></span> <span class='ocrx_word' id='word_1_79' title='bbox 188 710 392 750; x_wconf 63' lang='lat' dir='ltr'><strong>insectatus</strong></span> <span class='ocrx_word' id='word_1_80' title='bbox 425 710 500 758; x_wconf 66' lang='lat' dir='ltr'><strong>est,</strong></span> <span class='ocrx_word' id='word_1_81' title='bbox 537 722 626 749; x_wconf 86' lang='lat' dir='ltr'><strong>cum</strong></span> <span class='ocrx_word' id='word_1_82' title='bbox 655 711 841 762; x_wconf 87' lang='lat' dir='ltr'><strong>Pompejo</strong></span> <span class='ocrx_word' id='word_1_83' title='bbox 869 712 1030 762; x_wconf 76' lang='lat' dir='ltr'><strong>gratiam</strong></span> <span class='ocrx_word' id='word_1_84' title='bbox 1064 712 1355 763; x_wconf 84' lang='lat' dir='ltr'><strong>redintegrans,</strong></span> 
     </span>
     <span class='ocr_line' id='line_1_11' title="bbox 65 770 1356 823; baseline 0.002 -14"><span class='ocrx_word' id='word_1_85' title='bbox 65 773 175 820; x_wconf 87' lang='lat' dir='ltr'><strong>cujus</strong></span> <span class='ocrx_word' id='word_1_86' title='bbox 201 770 345 811; x_wconf 83' lang='lat' dir='ltr'><strong>auxilio</strong></span> <span class='ocrx_word' id='word_1_87' title='bbox 371 770 604 822; x_wconf 81' lang='lat' dir='ltr'><strong>legationem</strong></span> <span class='ocrx_word' id='word_1_88' title='bbox 631 771 816 821; x_wconf 83' lang='lat' dir='ltr'><strong>liberam,</strong></span> <span class='ocrx_word' id='word_1_89' title='bbox 848 785 963 823; x_wconf 86' lang='lat' dir='ltr'><strong>quam</strong></span> <span class='ocrx_word' id='word_1_90' title='bbox 990 773 1190 823; x_wconf 85' lang='lat' dir='ltr'>captabat,</span> <span class='ocrx_word' id='word_1_91' title='bbox 1215 775 1252 813; x_wconf 87' lang='lat' dir='ltr'><strong>se</strong></span> <span class='ocrx_word' id='word_1_92' title='bbox 1275 787 1356 814; x_wconf 45' lang='lat' dir='ltr'><strong>cres</strong></span> 
     </span>
     <span class='ocr_line' id='line_1_12' title="bbox 67 832 501 884; baseline -0.002 -12"><span class='ocrx_word' id='word_1_93' title='bbox 67 833 182 872; x_wconf 84' lang='lat' dir='ltr'><strong>debat</strong></span> <span class='ocrx_word' id='word_1_94' title='bbox 218 832 357 884; x_wconf 78' lang='lat' dir='ltr'><strong>affequi</strong></span> <span class='ocrx_word' id='word_1_95' title='bbox 385 832 501 883; x_wconf 85' lang='lat' dir='ltr'><strong>poffe.</strong></span> 
     </span>
    </p>

    <p class='ocr_par' dir='ltr' id='par_1_3' title="bbox 53 893 1355 1938">
     <span class='ocr_line' id='line_1_13' title="bbox 133 893 1352 948; baseline 0.002 -14"><span class='ocrx_word' id='word_1_96' title='bbox 133 895 177 933; x_wconf 91' lang='lat' dir='ltr'><strong>V.</strong></span> <span class='ocrx_word' id='word_1_97' title='bbox 217 895 315 934; x_wconf 87' lang='lat' dir='ltr'><strong>Cum</strong></span> <span class='ocrx_word' id='word_1_98' title='bbox 345 907 430 934; x_wconf 90' lang='lat' dir='ltr'><strong>eam</strong></span> <span class='ocrx_word' id='word_1_99' title='bbox 460 907 540 933; x_wconf 86' lang='lat' dir='ltr'><strong>rem</strong></span> <span class='ocrx_word' id='word_1_100' title='bbox 571 893 798 944; x_wconf 88' lang='lat' dir='ltr'><strong>permoleste</strong></span> <span class='ocrx_word' id='word_1_101' title='bbox 827 893 977 934; x_wconf 87' lang='lat' dir='ltr'><strong>senatus</strong></span> <span class='ocrx_word' id='word_1_102' title='bbox 1008 896 1150 944; x_wconf 89' lang='lat' dir='ltr'><strong>ferret,</strong></span> <span class='ocrx_word' id='word_1_103' title='bbox 1185 897 1352 948; x_wconf 87' lang='lat' dir='ltr'><strong>abrupto</strong></span> 
     </span>
     <span class='ocr_line' id='line_1_14' title="bbox 61 952 1355 1009; baseline 0.004 -17"><span class='ocrx_word' id='word_1_104' title='bbox 61 952 235 993; x_wconf 85' lang='lat' dir='ltr'><strong>sermone</strong></span> <span class='ocrx_word' id='word_1_105' title='bbox 261 955 427 1004; x_wconf 81' lang='lat' dir='ltr'><strong>perrexit</strong></span> <span class='ocrx_word' id='word_1_106' title='bbox 450 958 490 993; x_wconf 92' lang='lat' dir='ltr'><strong>in</strong></span> <span class='ocrx_word' id='word_1_107' title='bbox 517 955 663 994; x_wconf 88' lang='lat' dir='ltr'><strong>curiam</strong></span> <span class='ocrx_word' id='word_1_108' title='bbox 687 955 868 1003; x_wconf 73' lang='lat' dir='ltr'><strong>Clodius,</strong></span> <span class='ocrx_word' id='word_1_109' title='bbox 893 967 935 995; x_wconf 89' lang='lat' dir='ltr'><strong>ut</strong></span> <span class='ocrx_word' id='word_1_110' title='bbox 957 957 1011 995; x_wconf 90' lang='lat' dir='ltr'><strong>ibi</strong></span> <span class='ocrx_word' id='word_1_111' title='bbox 1035 972 1189 1009; x_wconf 87' lang='lat' dir='ltr'><strong>quoque</strong></span> <span class='ocrx_word' id='word_1_112' title='bbox 1219 960 1355 999; x_wconf 69' lang='lat' dir='ltr'><strong>adven=</strong></span> 
     </span>
     <span class='ocr_line' id='line_1_15' title="bbox 63 1015 1355 1074; baseline 0.005 -19"><span class='ocrx_word' id='word_1_113' title='bbox 63 1015 165 1055; x_wconf 83' lang='lat' dir='ltr'><strong>fariis</strong></span> <span class='ocrx_word' id='word_1_114' title='bbox 190 1018 479 1056; x_wconf 78' lang='lat' dir='ltr'><strong>conviciaretur.</strong></span> <span class='ocrx_word' id='word_1_115' title='bbox 509 1017 586 1057; x_wconf 86' lang='lat' dir='ltr'><strong>Sed</strong></span> <span class='ocrx_word' id='word_1_116' title='bbox 608 1017 777 1068; x_wconf 84' lang='lat' dir='ltr'><strong>repulsus</strong></span> <span class='ocrx_word' id='word_1_117' title='bbox 802 1032 822 1057; x_wconf 87' lang='lat' dir='ltr'><strong>a</strong></span> <span class='ocrx_word' id='word_1_118' title='bbox 844 1018 1072 1068; x_wconf 84' lang='lat' dir='ltr'><strong>quibusdam</strong></span> <span class='ocrx_word' id='word_1_119' title='bbox 1090 1020 1355 1074; x_wconf 84' lang='lat' dir='ltr'><strong>senatoribus,</strong></span> 
     </span>
     <span class='ocr_line' id='line_1_16' title="bbox 63 1077 1354 1133; baseline 0.006 -18"><span class='ocrx_word' id='word_1_120' title='bbox 63 1077 210 1117; x_wconf 67' lang='lat' dir='ltr'><strong>cinctus</strong></span> <span class='ocrx_word' id='word_1_121' title='bbox 240 1078 288 1117; x_wconf 88' lang='lat' dir='ltr'><strong>ab</strong></span> <span class='ocrx_word' id='word_1_122' title='bbox 312 1080 481 1129; x_wconf 83' lang='lat' dir='ltr'><strong>equitum</strong></span> <span class='ocrx_word' id='word_1_123' title='bbox 507 1079 623 1130; x_wconf 88' lang='lat' dir='ltr'><strong>globo</strong></span> <span class='ocrx_word' id='word_1_124' title='bbox 639 1110 650 1128; x_wconf 91' lang='lat'><strong>,</strong></span> <span class='ocrx_word' id='word_1_125' title='bbox 677 1079 831 1130; x_wconf 83' lang='lat' dir='ltr'><strong>periffet</strong></span> <span class='ocrx_word' id='word_1_126' title='bbox 846 1080 944 1118; x_wconf 89' lang='lat' dir='ltr'><strong>inter</strong></span> <span class='ocrx_word' id='word_1_127' title='bbox 965 1093 1124 1129; x_wconf 85' lang='lat' dir='ltr'><strong>manus,</strong></span> <span class='ocrx_word' id='word_1_128' title='bbox 1147 1082 1214 1121; x_wconf 71' lang='lat' dir='ltr'><strong>nisi</strong></span> <span class='ocrx_word' id='word_1_129' title='bbox 1242 1083 1354 1133; x_wconf 85' lang='lat' dir='ltr'><strong>plebs</strong></span> 
     </span>
     <span class='ocr_line' id='line_1_17' title="bbox 62 1138 1354 1195; baseline 0.006 -18"><span class='ocrx_word' id='word_1_130' title='bbox 62 1138 255 1189; x_wconf 86' lang='lat' dir='ltr'><strong>appellata</strong></span> <span class='ocrx_word' id='word_1_131' title='bbox 273 1153 362 1179; x_wconf 89' lang='lat' dir='ltr'><strong>cum</strong></span> <span class='ocrx_word' id='word_1_132' title='bbox 379 1140 528 1179; x_wconf 82' lang='lat' dir='ltr'><strong>facibus</strong></span> <span class='ocrx_word' id='word_1_133' title='bbox 545 1141 783 1190; x_wconf 72' lang='lat' dir='ltr'><strong>accurrisset,</strong></span> <span class='ocrx_word' id='word_1_134' title='bbox 807 1143 1002 1180; x_wconf 80' lang='lat' dir='ltr'><strong>incendium</strong></span> <span class='ocrx_word' id='word_1_135' title='bbox 1023 1144 1126 1181; x_wconf 81' lang='lat' dir='ltr'><strong>curiae</strong></span> <span class='ocrx_word' id='word_1_136' title='bbox 1145 1145 1328 1185; x_wconf 86' lang='lat' dir='ltr'><strong>minitans</strong></span> <span class='ocrx_word' id='word_1_137' title='bbox 1341 1177 1354 1195; x_wconf 98' lang='lat'><strong>,</strong></span> 
     </span>
     <span class='ocr_line' id='line_1_18' title="bbox 53 1203 1353 1256; baseline 0.003 -16"><span class='ocrx_word' id='word_1_138' title='bbox 53 1203 92 1254; x_wconf 83' lang='lat' dir='ltr'><em>fi</em></span> <span class='ocrx_word' id='word_1_139' title='bbox 109 1203 197 1254; x_wconf 82' lang='lat' dir='ltr'><strong>quid</strong></span> <span class='ocrx_word' id='word_1_140' title='bbox 217 1204 372 1241; x_wconf 84' lang='lat' dir='ltr'><strong>acerbius</strong></span> <span class='ocrx_word' id='word_1_141' title='bbox 394 1203 516 1243; x_wconf 80' lang='lat' dir='ltr'><strong>Clodio</strong></span> <span class='ocrx_word' id='word_1_142' title='bbox 536 1203 721 1256; x_wconf 72' lang='lat' dir='ltr'><strong>accidzffi’t.</strong></span> <span class='ocrx_word' id='word_1_143' title='bbox 754 1203 807 1244; x_wconf 84' lang='lat' dir='ltr'><strong>Ea</strong></span> <span class='ocrx_word' id='word_1_144' title='bbox 828 1205 882 1244; x_wconf 81' lang='lat' dir='ltr'><strong>vis</strong></span> <span class='ocrx_word' id='word_1_145' title='bbox 911 1206 944 1243; x_wconf 80' lang='lat' dir='ltr'><strong>Sc</strong></span> <span class='ocrx_word' id='word_1_146' title='bbox 970 1214 1053 1243; x_wconf 89' lang='lat' dir='ltr'><strong>tum</strong></span> <span class='ocrx_word' id='word_1_147' title='bbox 1077 1205 1236 1245; x_wconf 86' lang='lat' dir='ltr'><strong>servavit</strong></span> <span class='ocrx_word' id='word_1_148' title='bbox 1264 1208 1353 1247; x_wconf 68' lang='lat' dir='ltr'><strong>Clo,</strong></span> 
     </span>
     <span class='ocr_line' id='line_1_19' title="bbox 63 1264 1349 1313; baseline 0.006 -11"><span class='ocrx_word' id='word_1_149' title='bbox 63 1264 194 1313; x_wconf 87' lang='lat' dir='ltr'><strong>dium,</strong></span> <span class='ocrx_word' id='word_1_150' title='bbox 218 1266 253 1304; x_wconf 65' lang='grc' dir='ltr'><strong>ὃ(</strong></span> <span class='ocrx_word' id='word_1_151' title='bbox 275 1265 450 1304; x_wconf 87' lang='lat' dir='ltr'><strong>senatum</strong></span> <span class='ocrx_word' id='word_1_152' title='bbox 476 1266 524 1305; x_wconf 91' lang='lat' dir='ltr'><strong>ad</strong></span> <span class='ocrx_word' id='word_1_153' title='bbox 550 1275 722 1305; x_wconf 90' lang='lat' dir='ltr'><strong>ceterum</strong></span> <span class='ocrx_word' id='word_1_154' title='bbox 744 1274 940 1306; x_wconf 85' lang='lat' dir='ltr'><strong>certamen</strong></span> <span class='ocrx_word' id='word_1_155' title='bbox 964 1266 1093 1307; x_wconf 84' lang='lat' dir='ltr'><strong>effecit</strong></span> <span class='ocrx_word' id='word_1_156' title='bbox 1116 1268 1349 1311; x_wconf 70' lang='lat' dir='ltr'><strong>molliorem„</strong></span> 
     </span>
     <span class='ocr_line' id='line_1_20' title="bbox 61 1324 1353 1379; baseline 0.005 -15"><span class='ocrx_word' id='word_1_157' title='bbox 61 1324 250 1376; x_wconf 87' lang='lat' dir='ltr'><strong>Pompejo</strong></span> <span class='ocrx_word' id='word_1_158' title='bbox 273 1327 401 1376; x_wconf 86' lang='lat' dir='ltr'><strong>postea</strong></span> <span class='ocrx_word' id='word_1_159' title='bbox 428 1340 507 1366; x_wconf 89' lang='lat' dir='ltr'><strong>non</strong></span> <span class='ocrx_word' id='word_1_160' title='bbox 529 1327 683 1367; x_wconf 84' lang='lat' dir='ltr'><strong>difficile</strong></span> <span class='ocrx_word' id='word_1_161' title='bbox 705 1329 802 1376; x_wconf 82' lang='lat' dir='ltr'><strong>fuit,</strong></span> <span class='ocrx_word' id='word_1_162' title='bbox 825 1330 954 1368; x_wconf 86' lang='lat' dir='ltr'><strong>venire</strong></span> <span class='ocrx_word' id='word_1_163' title='bbox 975 1329 1014 1368; x_wconf 89' lang='lat' dir='ltr'><strong>in</strong></span> <span class='ocrx_word' id='word_1_164' title='bbox 1036 1332 1182 1369; x_wconf 89' lang='lat' dir='ltr'><strong>curiam</strong></span> <span class='ocrx_word' id='word_1_165' title='bbox 1197 1362 1208 1379; x_wconf 83' lang='lat'><strong>,</strong></span> <span class='ocrx_word' id='word_1_166' title='bbox 1225 1334 1261 1371; x_wconf 69' lang='grc' dir='ltr'><strong>ἃ</strong></span> <span class='ocrx_word' id='word_1_167' title='bbox 1284 1333 1353 1371; x_wconf 82' lang='lat' dir='ltr'><strong>de-</strong></span> 
     </span>
     <span class='ocr_line' id='line_1_21' title="bbox 62 1387 1354 1442; baseline 0.004 -17"><span class='ocrx_word' id='word_1_168' title='bbox 62 1387 330 1436; x_wconf 86' lang='lat' dir='ltr'><strong>cernentibus,</strong></span> <span class='ocrx_word' id='word_1_169' title='bbox 360 1403 442 1440; x_wconf 83' lang='lat' dir='ltr'><strong>quae</strong></span> <span class='ocrx_word' id='word_1_170' title='bbox 470 1389 594 1429; x_wconf 91' lang='lat' dir='ltr'><strong>nollet</strong></span> <span class='ocrx_word' id='word_1_171' title='bbox 620 1389 724 1440; x_wconf 79' lang='lat' dir='ltr'><strong>ipse,</strong></span> <span class='ocrx_word' id='word_1_172' title='bbox 747 1391 919 1430; x_wconf 79' lang='lat' dir='ltr'><strong>resistere.</strong></span> <span class='ocrx_word' id='word_1_173' title='bbox 944 1391 1064 1432; x_wconf 87' lang='lat' dir='ltr'><strong>Unica</strong></span> <span class='ocrx_word' id='word_1_174' title='bbox 1090 1391 1173 1442; x_wconf 89' lang='lat' dir='ltr'><strong>spes</strong></span> <span class='ocrx_word' id='word_1_175' title='bbox 1190 1392 1354 1433; x_wconf 78' lang='lat' dir='ltr'><strong>Marcel.</strong></span> 
     </span>
     <span class='ocr_line' id='line_1_22' title="bbox 62 1449 1353 1503; baseline 0.006 -16"><span class='ocrx_word' id='word_1_176' title='bbox 62 1449 144 1489; x_wconf 84' lang='lat' dir='ltr'><strong>lino</strong></span> <span class='ocrx_word' id='word_1_177' title='bbox 170 1450 344 1501; x_wconf 85' lang='lat' dir='ltr'><strong>suberat,</strong></span> <span class='ocrx_word' id='word_1_178' title='bbox 373 1453 477 1502; x_wconf 91' lang='lat' dir='ltr'><strong>quod</strong></span> <span class='ocrx_word' id='word_1_179' title='bbox 508 1452 655 1503; x_wconf 88' lang='lat' dir='ltr'><strong>semper</strong></span> <span class='ocrx_word' id='word_1_180' title='bbox 683 1452 833 1493; x_wconf 88' lang='lat' dir='ltr'><strong>vultum</strong></span> <span class='ocrx_word' id='word_1_181' title='bbox 868 1466 913 1493; x_wconf 88' lang='lat' dir='ltr'><strong>ac</strong></span> <span class='ocrx_word' id='word_1_182' title='bbox 942 1453 1157 1493; x_wconf 89' lang='lat' dir='ltr'><strong>sermonem</strong></span> <span class='ocrx_word' id='word_1_183' title='bbox 1188 1455 1235 1494; x_wconf 85' lang='lat' dir='ltr'><strong>ad</strong></span> <span class='ocrx_word' id='word_1_184' title='bbox 1268 1469 1353 1495; x_wconf 58' lang='lat' dir='ltr'><strong>moa</strong></span> 
     </span>
     <span class='ocr_line' id='line_1_23' title="bbox 64 1512 1354 1565; baseline 0.005 -15"><span class='ocrx_word' id='word_1_185' title='bbox 64 1512 224 1551; x_wconf 86' lang='lat' dir='ltr'><strong>destiam</strong></span> <span class='ocrx_word' id='word_1_186' title='bbox 243 1525 476 1563; x_wconf 88' lang='lat' dir='ltr'><strong>componere</strong></span> <span class='ocrx_word' id='word_1_187' title='bbox 493 1515 696 1564; x_wconf 86' lang='lat' dir='ltr'><strong>Pompejus</strong></span> <span class='ocrx_word' id='word_1_188' title='bbox 717 1514 909 1554; x_wconf 88' lang='lat' dir='ltr'><strong>studuerat</strong></span> <span class='ocrx_word' id='word_1_189' title='bbox 923 1545 933 1562; x_wconf 86' lang='lat'><strong>,</strong></span> <span class='ocrx_word' id='word_1_190' title='bbox 952 1515 1099 1563; x_wconf 76' lang='lat' dir='ltr'><strong>fronte,</strong></span> <span class='ocrx_word' id='word_1_191' title='bbox 1114 1527 1228 1565; x_wconf 88' lang='lat' dir='ltr'><strong>quam</strong></span> <span class='ocrx_word' id='word_1_192' title='bbox 1243 1529 1354 1557; x_wconf 92' lang='lat' dir='ltr'><strong>men-</strong></span> 
     </span>
     <span class='ocr_line' id='line_1_24' title="bbox 63 1576 1352 1628; baseline 0.004 -15"><span class='ocrx_word' id='word_1_193' title='bbox 63 1584 104 1613; x_wconf 86' lang='lat' dir='ltr'><strong>te</strong></span> <span class='ocrx_word' id='word_1_194' title='bbox 132 1576 410 1624; x_wconf 84' lang='lat' dir='ltr'><strong>verecundior,</strong></span> <span class='ocrx_word' id='word_1_195' title='bbox 437 1576 635 1624; x_wconf 84' lang='lat' dir='ltr'><strong>futurum,</strong></span> <span class='ocrx_word' id='word_1_196' title='bbox 672 1585 715 1616; x_wconf 86' lang='lat' dir='ltr'><strong>ut</strong></span> <span class='ocrx_word' id='word_1_197' title='bbox 752 1577 1006 1627; x_wconf 84' lang='lat' dir='ltr'><strong>interrogatus</strong></span> <span class='ocrx_word' id='word_1_198' title='bbox 1039 1577 1196 1628; x_wconf 89' lang='lat' dir='ltr'><strong>publice</strong></span> <span class='ocrx_word' id='word_1_199' title='bbox 1233 1594 1352 1618; x_wconf 77' lang='lat' dir='ltr'><strong>verene</strong></span> 
     </span>
     <span class='ocr_line' id='line_1_25' title="bbox 62 1636 1351 1690; baseline 0.005 -16"><span class='ocrx_word' id='word_1_200' title='bbox 62 1636 278 1688; x_wconf 79' lang='lat' dir='ltr'><strong>confidatum</strong></span> <span class='ocrx_word' id='word_1_201' title='bbox 298 1650 410 1689; x_wconf 82' lang='lat' dir='ltr'><strong>petere</strong></span> <span class='ocrx_word' id='word_1_202' title='bbox 435 1638 671 1690; x_wconf 74' lang='lat' dir='ltr'><strong>constitutffet,</strong></span> <span class='ocrx_word' id='word_1_203' title='bbox 690 1651 769 1678; x_wconf 90' lang='lat' dir='ltr'><strong>non</strong></span> <span class='ocrx_word' id='word_1_204' title='bbox 789 1640 948 1679; x_wconf 87' lang='lat' dir='ltr'><strong>auderet</strong></span> <span class='ocrx_word' id='word_1_205' title='bbox 967 1639 1152 1679; x_wconf 88' lang='lat' dir='ltr'><strong>confiteri.</strong></span> <span class='ocrx_word' id='word_1_206' title='bbox 1181 1641 1257 1680; x_wconf 88' lang='lat' dir='ltr'><strong>Sed</strong></span> <span class='ocrx_word' id='word_1_207' title='bbox 1282 1641 1351 1681; x_wconf 85' lang='lat' dir='ltr'><strong>ille</strong></span> 
     </span>
     <span class='ocr_line' id='line_1_26' title="bbox 63 1698 1350 1753; baseline 0.003 -16"><span class='ocrx_word' id='word_1_208' title='bbox 63 1699 104 1737; x_wconf 88' lang='lat' dir='ltr'><strong>in</strong></span> <span class='ocrx_word' id='word_1_209' title='bbox 119 1698 271 1748; x_wconf 84' lang='lat' dir='ltr'><strong>senatu,</strong></span> <span class='ocrx_word' id='word_1_210' title='bbox 292 1699 447 1740; x_wconf 85' lang='lat' dir='ltr'><strong>consule</strong></span> <span class='ocrx_word' id='word_1_211' title='bbox 464 1703 499 1741; x_wconf 71' lang='grc' dir='ltr'><strong>ὅ(</strong></span> <span class='ocrx_word' id='word_1_212' title='bbox 518 1700 557 1741; x_wconf 93' lang='lat' dir='ltr'><strong>L.</strong></span> <span class='ocrx_word' id='word_1_213' title='bbox 574 1700 745 1740; x_wconf 87' lang='lat' dir='ltr'><strong>Domitio</strong></span> <span class='ocrx_word' id='word_1_214' title='bbox 765 1702 973 1741; x_wconf 86' lang='lat' dir='ltr'><strong>candidato</strong></span> <span class='ocrx_word' id='word_1_215' title='bbox 996 1702 1322 1753; x_wconf 82' lang='lat' dir='ltr'><strong>interrogantibus</strong></span> <span class='ocrx_word' id='word_1_216' title='bbox 1336 1730 1350 1750; x_wconf 82' lang='lat'><strong>,</strong></span> 
     </span>
     <span class='ocr_line' id='line_1_27' title="bbox 54 1760 1348 1817; baseline 0.005 -19"><span class='ocrx_word' id='word_1_217' title='bbox 54 1760 142 1813; x_wconf 72' lang='lat' dir='ltr'><strong>sbrc</strong></span> <span class='ocrx_word' id='word_1_218' title='bbox 143 1761 198 1812; x_wconf 88' lang='lat' dir='ltr'><em>ff</em></span> <span class='ocrx_word' id='word_1_219' title='bbox 182 1777 214 1799; x_wconf 90' lang='lat' dir='ltr'><strong>s</strong></span> <span class='ocrx_word' id='word_1_220' title='bbox 231 1763 440 1815; x_wconf 81' lang='lat' dir='ltr'><strong>petiturum,</strong></span> <span class='ocrx_word' id='word_1_221' title='bbox 462 1762 687 1813; x_wconf 86' lang='lat' dir='ltr'><strong>respondit,</strong></span> <span class='ocrx_word' id='word_1_222' title='bbox 706 1763 865 1815; x_wconf 77' lang='lat' dir='ltr'><strong>jbrtaffis</strong></span> <span class='ocrx_word' id='word_1_223' title='bbox 896 1765 1089 1817; x_wconf 80' lang='lat' dir='ltr'><strong>destiturum</strong></span> <span class='ocrx_word' id='word_1_224' title='bbox 1113 1781 1136 1803; x_wconf 87' lang='lat' dir='ltr'><strong>a</strong></span> <span class='ocrx_word' id='word_1_225' title='bbox 1165 1766 1267 1817; x_wconf 84' lang='lat' dir='ltr'><strong>petit</strong></span> <span class='ocrx_word' id='word_1_226' title='bbox 1257 1781 1348 1806; x_wconf 75' lang='lat' dir='ltr'><strong>one.</strong></span> 
     </span>
     <span class='ocr_line' id='line_1_28' title="bbox 65 1824 1347 1880; baseline 0.002 -17"><span class='ocrx_word' id='word_1_227' title='bbox 65 1825 103 1863; x_wconf 69' lang='grc' dir='ltr'>ἅ</span> <span class='ocrx_word' id='word_1_228' title='bbox 127 1824 349 1864; x_wconf 82' lang='lat' dir='ltr'><strong>instantibus</strong></span> <span class='ocrx_word' id='word_1_229' title='bbox 372 1825 470 1876; x_wconf 83' lang='lat' dir='ltr'><strong>illis,</strong></span> <span class='ocrx_word' id='word_1_230' title='bbox 495 1826 665 1875; x_wconf 89' lang='lat' dir='ltr'><strong>adjecit,</strong></span> <span class='ocrx_word' id='word_1_231' title='bbox 685 1827 850 1864; x_wconf 85' lang='lat' dir='ltr'><strong>bonorum</strong></span> <span class='ocrx_word' id='word_1_232' title='bbox 872 1827 1002 1865; x_wconf 76' lang='lat' dir='ltr'><strong>civium</strong></span> <span class='ocrx_word' id='word_1_233' title='bbox 1027 1829 1136 1880; x_wconf 75' lang='lat' dir='ltr'><strong>canfiz</strong></span> <span class='ocrx_word' id='word_1_234' title='bbox 1159 1838 1231 1866; x_wconf 82' lang='lat' dir='ltr'><strong>non</strong></span> <span class='ocrx_word' id='word_1_235' title='bbox 1260 1828 1347 1880; x_wconf 73' lang='lat' dir='ltr'><strong>ff,</strong></span> 
     </span>
     <span class='ocr_line' id='line_1_29' title="bbox 63 1885 759 1938; baseline 0.004 -17"><span class='ocrx_word' id='word_1_236' title='bbox 63 1898 125 1922; x_wconf 83' lang='lat' dir='ltr'><strong>cur</strong></span> <span class='ocrx_word' id='word_1_237' title='bbox 142 1900 193 1938; x_wconf 82' lang='lat' dir='ltr'><strong>pe</strong></span> <span class='ocrx_word' id='word_1_238' title='bbox 190 1898 262 1933; x_wconf 85' lang='lat' dir='ltr'><strong>at;</strong></span> <span class='ocrx_word' id='word_1_239' title='bbox 287 1885 371 1938; x_wconf 71' lang='lat' dir='ltr'><strong>effi,</strong></span> <span class='ocrx_word' id='word_1_240' title='bbox 401 1900 468 1938; x_wconf 85' lang='lat' dir='ltr'><strong>quo</strong></span> <span class='ocrx_word' id='word_1_241' title='bbox 493 1887 556 1937; x_wconf 85' lang='lat' dir='ltr'><strong>res</strong></span> <span class='ocrx_word' id='word_1_242' title='bbox 552 1887 621 1937; x_wconf 73' lang='lat' dir='ltr'><strong>stat</strong></span> <span class='ocrx_word' id='word_1_243' title='bbox 641 1886 759 1925; x_wconf 84' lang='lat' dir='ltr'><strong>malis.</strong></span> 
     </span>
    </p>

    <p class='ocr_par' dir='ltr' id='par_1_4' title="bbox 62 1947 1371 2309">
     <span class='ocr_line' id='line_1_30' title="bbox 117 1947 1348 2001; baseline 0.002 -15"><span class='ocrx_word' id='word_1_244' title='bbox 117 1947 180 1986; x_wconf 93' lang='lat' dir='ltr'><strong>VI.</strong></span> <span class='ocrx_word' id='word_1_245' title='bbox 205 1947 326 1987; x_wconf 88' lang='lat' dir='ltr'><strong>Simul</strong></span> <span class='ocrx_word' id='word_1_246' title='bbox 355 1947 611 1998; x_wconf 86' lang='lat' dir='ltr'><strong>interrogatus</strong></span> <span class='ocrx_word' id='word_1_247' title='bbox 636 1948 784 1988; x_wconf 76' lang='lat' dir='ltr'><strong>Crassus</strong></span> <span class='ocrx_word' id='word_1_248' title='bbox 811 1948 947 1988; x_wconf 89' lang='lat' dir='ltr'><strong>fuerat.</strong></span> <span class='ocrx_word' id='word_1_249' title='bbox 987 1947 1075 1997; x_wconf 88' lang='lat' dir='ltr'><strong>ille,</strong></span> <span class='ocrx_word' id='word_1_250' title='bbox 1093 1950 1134 2001; x_wconf 73' lang='lat' dir='ltr'><em>fi</em></span> <span class='ocrx_word' id='word_1_251' title='bbox 1147 1949 1348 2001; x_wconf 64' lang='lat' dir='ltr'><strong>fhft&#39;urum,</strong></span> 
     </span>
     <span class='ocr_line' id='line_1_31' title="bbox 65 2007 1371 2064; baseline 0.005 -17"><span class='ocrx_word' id='word_1_252' title='bbox 65 2007 188 2058; x_wconf 80' lang='lat' dir='ltr'><strong>dixit,</strong></span> <span class='ocrx_word' id='word_1_253' title='bbox 213 2011 307 2061; x_wconf 78' lang='lat' dir='ltr'><strong>quod</strong></span> <span class='ocrx_word' id='word_1_254' title='bbox 327 2025 371 2048; x_wconf 85' lang='lat' dir='ltr'><strong>ex</strong></span> <span class='ocrx_word' id='word_1_255' title='bbox 396 2011 460 2062; x_wconf 70' lang='lat' dir='ltr'><strong>ufic</strong></span> <span class='ocrx_word' id='word_1_256' title='bbox 483 2011 676 2062; x_wconf 62' lang='lat' dir='ltr'><strong>reipublicae</strong></span> <span class='ocrx_word' id='word_1_257' title='bbox 686 2010 808 2063; x_wconf 72' lang='lat' dir='ltr'><strong>fusffizt</strong></span> <span class='ocrx_word' id='word_1_258' title='bbox 833 2012 956 2064; x_wconf 78' lang='lat' dir='ltr'><strong>visum.</strong></span> <span class='ocrx_word' id='word_1_259' title='bbox 989 2010 1105 2051; x_wconf 78' lang='lat' dir='ltr'><strong>Crassi</strong></span> <span class='ocrx_word' id='word_1_260' title='bbox 1127 2011 1371 2061; x_wconf 70' lang='lat' dir='ltr'><strong>responsum,</strong></span> 
     </span>
     <span class='ocr_line' id='line_1_32' title="bbox 63 2072 1353 2123; baseline -0.002 -10"><span class='ocrx_word' id='word_1_261' title='bbox 63 2073 324 2120; x_wconf 82' lang='lat' dir='ltr'><strong>moderatius,</strong></span> <span class='ocrx_word' id='word_1_262' title='bbox 353 2072 526 2123; x_wconf 87' lang='lat' dir='ltr'><strong>Pompeji</strong></span> <span class='ocrx_word' id='word_1_263' title='bbox 560 2073 765 2123; x_wconf 88' lang='lat' dir='ltr'><strong>superbum</strong></span> <span class='ocrx_word' id='word_1_264' title='bbox 793 2075 828 2113; x_wconf 85' lang='lat'>&amp;</span> <span class='ocrx_word' id='word_1_265' title='bbox 858 2072 1012 2112; x_wconf 87' lang='lat' dir='ltr'><strong>incivile</strong></span> <span class='ocrx_word' id='word_1_266' title='bbox 1044 2086 1131 2112; x_wconf 87' lang='lat' dir='ltr'><strong>cum</strong></span> <span class='ocrx_word' id='word_1_267' title='bbox 1162 2074 1353 2114; x_wconf 84' lang='lat' dir='ltr'><strong>existima-</strong></span> 
     </span>
     <span class='ocr_line' id='line_1_33' title="bbox 63 2133 1347 2191; baseline 0.002 -19"><span class='ocrx_word' id='word_1_268' title='bbox 63 2142 192 2172; x_wconf 88' lang='lat' dir='ltr'><strong>retur:</strong></span> <span class='ocrx_word' id='word_1_269' title='bbox 235 2133 410 2173; x_wconf 83' lang='lat' dir='ltr'><strong>Marcelli</strong></span> <span class='ocrx_word' id='word_1_270' title='bbox 415 2145 486 2172; x_wconf 83' lang='lat' dir='ltr'><strong>nus</strong></span> <span class='ocrx_word' id='word_1_271' title='bbox 516 2133 687 2173; x_wconf 63' lang='lat' dir='ltr'><strong>invectus</strong></span> <span class='ocrx_word' id='word_1_272' title='bbox 715 2133 782 2172; x_wconf 88' lang='lat' dir='ltr'><strong>suo</strong></span> <span class='ocrx_word' id='word_1_273' title='bbox 811 2146 917 2172; x_wconf 87' lang='lat' dir='ltr'><strong>more</strong></span> <span class='ocrx_word' id='word_1_274' title='bbox 939 2135 979 2172; x_wconf 89' lang='lat' dir='ltr'><strong>in</strong></span> <span class='ocrx_word' id='word_1_275' title='bbox 1006 2134 1233 2191; x_wconf 80' lang='lat' dir='ltr'><strong>Pompejum</strong></span> <span class='ocrx_word' id='word_1_276' title='bbox 1270 2137 1347 2180; x_wconf 63' lang='lat' dir='ltr'><strong>est,</strong></span> 
     </span>
     <span class='ocr_line' id='line_1_34' title="bbox 62 2181 1351 2247; baseline 0.002 -15"><span class='ocrx_word' id='word_1_277' title='bbox 62 2207 132 2247; x_wconf 80' lang='lat' dir='ltr'><strong>per</strong></span> <span class='ocrx_word' id='word_1_278' title='bbox 156 2194 239 2233; x_wconf 86' lang='lat' dir='ltr'><strong>haec</strong></span> <span class='ocrx_word' id='word_1_279' title='bbox 263 2205 437 2245; x_wconf 83' lang='lat' dir='ltr'><strong>tempora</strong></span> <span class='ocrx_word' id='word_1_280' title='bbox 471 2207 562 2233; x_wconf 89' lang='lat' dir='ltr'><strong>eum</strong></span> <span class='ocrx_word' id='word_1_281' title='bbox 593 2197 629 2234; x_wconf 82' lang='lat'>&amp;</span> <span class='ocrx_word' id='word_1_282' title='bbox 655 2195 695 2233; x_wconf 91' lang='lat' dir='ltr'><strong>in</strong></span> <span class='ocrx_word' id='word_1_283' title='bbox 723 2195 826 2234; x_wconf 88' lang='lat' dir='ltr'><strong>curia</strong></span> <span class='ocrx_word' id='word_1_284' title='bbox 856 2200 892 2235; x_wconf 72' lang='lat' dir='ltr'><strong>oz</strong></span> <span class='ocrx_word' id='word_1_285' title='bbox 930 2195 977 2234; x_wconf 88' lang='lat' dir='ltr'><strong>ad</strong></span> <span class='ocrx_word' id='word_1_286' title='bbox 1004 2203 1190 2245; x_wconf 74' lang='lat' dir='ltr'><strong>populum</strong></span> <span class='ocrx_word' id='word_1_287' title='bbox 1220 2181 1351 2246; x_wconf 82' lang='lat' dir='ltr'><strong>aspere</strong></span> 
     </span>
     <span class='ocr_line' id='line_1_35' title="bbox 65 2245 1349 2309; baseline 0 -14"><span class='ocrx_word' id='word_1_288' title='bbox 65 2258 224 2296; x_wconf 60' lang='lat' dir='ltr'><strong>tractare</strong></span> <span class='ocrx_word' id='word_1_289' title='bbox 253 2256 390 2297; x_wconf 89' lang='lat' dir='ltr'><strong>suetus.</strong></span> <span class='ocrx_word' id='word_1_290' title='bbox 432 2245 642 2309; x_wconf 80' lang='lat' dir='ltr'><strong>Respon&#39;dit</strong></span> <span class='ocrx_word' id='word_1_291' title='bbox 667 2257 894 2308; x_wconf 89' lang='lat' dir='ltr'><strong>Pompejus,</strong></span> <span class='ocrx_word' id='word_1_292' title='bbox 917 2257 1046 2295; x_wconf 85' lang='lat' dir='ltr'><strong>malam</strong></span> <span class='ocrx_word' id='word_1_293' title='bbox 1061 2258 1098 2308; x_wconf 92' lang='lat' dir='ltr'><em>s</em></span> <span class='ocrx_word' id='word_1_294' title='bbox 1098 2259 1131 2295; x_wconf 73' lang='grc' dir='ltr'><strong>[η</strong></span> <span class='ocrx_word' id='word_1_295' title='bbox 1150 2273 1172 2296; x_wconf 82' lang='lat' dir='ltr'><strong>a</strong></span> <span class='ocrx_word' id='word_1_296' title='bbox 1195 2259 1349 2297; x_wconf 83' lang='lat' dir='ltr'><strong>Marcel</strong></span> 
     </span>
    </p>
   </div>
   <div class='ocr_carea' id='block_1_3' title="bbox 104 2365 1345 2422">
    <p class='ocr_par' dir='ltr' id='par_1_5' title="bbox 104 2365 1345 2422">
     <span class='ocr_line' id='line_1_36' title="bbox 104 2365 1345 2422; baseline 0.002 -15.016"><span class='ocrx_word' id='word_1_297' title='bbox 104 2375 136 2422; x_wconf 62' lang='lat' dir='ltr'><strong>g</strong></span> <span class='ocrx_word' id='word_1_298' title='bbox 161 2376 219 2409; x_wconf 90' lang='lat' dir='ltr'><strong>IV.</strong></span> <span class='ocrx_word' id='word_1_299' title='bbox 246 2376 317 2408; x_wconf 88' lang='lat' dir='ltr'><strong>Cic.</strong></span> <span class='ocrx_word' id='word_1_300' title='bbox 345 2374 420 2409; x_wconf 74' lang='lat' dir='ltr'><strong>mv.</strong></span> <span class='ocrx_word' id='word_1_301' title='bbox 443 2365 535 2419; x_wconf 84' lang='lat' dir='ltr'><strong>Epit.</strong></span> <span class='ocrx_word' id='word_1_302' title='bbox 549 2375 702 2410; x_wconf 81' lang='lat' dir='ltr'><strong>Diodor.</strong></span> <span class='ocrx_word' id='word_1_303' title='bbox 738 2375 761 2421; x_wconf 70' lang='grc'>5</span> <span class='ocrx_word' id='word_1_304' title='bbox 784 2376 828 2411; x_wconf 91' lang='lat' dir='ltr'><strong>V.</strong></span> <span class='ocrx_word' id='word_1_305' title='bbox 848 2372 924 2412; x_wconf 77' lang='lat' dir='ltr'><strong>val.</strong></span> <span class='ocrx_word' id='word_1_306' title='bbox 956 2373 1050 2410; x_wconf 83' lang='lat' dir='ltr'><strong>Max.</strong></span> <span class='ocrx_word' id='word_1_307' title='bbox 1089 2374 1128 2414; x_wconf 83' lang='lat'><strong>6,</strong></span> <span class='ocrx_word' id='word_1_308' title='bbox 1150 2385 1183 2408; x_wconf 87' lang='lat'><strong>2.</strong></span> <span class='ocrx_word' id='word_1_309' title='bbox 1209 2375 1281 2410; x_wconf 76' lang='lat' dir='ltr'><strong>cic.</strong></span> <span class='ocrx_word' id='word_1_310' title='bbox 1304 2375 1345 2409; x_wconf 78' lang='lat' dir='ltr'><strong>ad</strong></span> 
     </span>
    </p>
   </div>
   <div class='ocr_carea' id='block_1_4' title="bbox 66 2410 1137 2520">
    <p class='ocr_par' dir='ltr' id='par_1_6' title="bbox 66 2410 1137 2520">
     <span class='ocr_line' id='line_1_37' title="bbox 66 2410 349 2465; baseline 0 -13"><span class='ocrx_word' id='word_1_311' title='bbox 66 2410 114 2465; x_wconf 65' lang='lat' dir='ltr'><strong>q.</strong></span> <span class='ocrx_word' id='word_1_312' title='bbox 133 2420 229 2453; x_wconf 53' lang='grc' dir='ltr'><strong>ξω.</strong></span> <span class='ocrx_word' id='word_1_313' title='bbox 253 2433 293 2463; x_wconf 66' lang='lat'><strong>2,</strong></span> <span class='ocrx_word' id='word_1_314' title='bbox 318 2422 349 2452; x_wconf 83' lang='lat' dir='ltr'><strong>s.</strong></span> 
     </span>
     <span class='ocr_line' id='line_1_38' title="bbox 150 2464 1137 2520; baseline -0.002 -7"><span class='ocrx_word' id='word_1_315' title='bbox 150 2469 200 2518; x_wconf 84' lang='lat' dir='ltr'><strong>T.</strong></span> <span class='ocrx_word' id='word_1_316' title='bbox 225 2471 342 2517; x_wconf 62' lang='lat' dir='ltr'><strong>Livii</strong></span> <span class='ocrx_word' id='word_1_317' title='bbox 374 2470 472 2514; x_wconf 85' lang='lat' dir='ltr'><strong>Vol.</strong></span> <span class='ocrx_word' id='word_1_318' title='bbox 500 2469 570 2517; x_wconf 82' lang='lat' dir='ltr'><strong>X.</strong></span> <span class='ocrx_word' id='word_1_319' title='bbox 1090 2464 1137 2520; x_wconf 88' lang='lat' dir='ltr'>N</span> 
     </span>
    </p>
   </div>
  </div>
 </body>
</html>
