1675 2959
264 109 360 164 '118
430 111 522 158 JO.
563 110 1056 158 FREINSHEMII
1103 108 1458 164 SUPPLEM.

270 225 390 268 dedit.
431 227 507 267 Sed
534 225 610 265 hoc
637 226 793 276 quidem
829 224 894 263 alii
921 225 1137 265 Britannico
1171 226 1317 266 facium
1344 226 1447 266 bello
1481 234 1556 265 tra,

272 286 484 328 diderunt:
518 288 626 338 quod
654 288 681 326 fi
708 287 760 325 ita
791 286 912 336 effet,
941 287 1005 326 vix
1036 287 1161 328 fuiffet
1187 302 1209 328 a
1230 289 1372 332 Caesare
1405 298 1558 340 praeter-

269 349 437 393 missum.

324 411 470 457 LXXI.
494 410 672 455 Ceterum
697 408 819 449 Caesar
834 439 845 456 ,
873 408 985 449 classe
1010 410 1181 451 Gadibus
1202 412 1344 452 advehi
1357 413 1478 464 jussa,
1499 421 1560 453 to-

269 477 354 510 tum
381 472 531 520 trajecit
557 470 791 519 exercitum,
819 469 1016 521 hostesque
1041 473 1200 521 penuria
1222 487 1348 513 rerum
1380 475 1557 515 omnium

268 532 412 583 pressos
438 535 478 571 in
511 532 747 571 deditionem
773 534 933 583 accepit.
972 534 1066 573 Inde
1093 536 1134 574 in
1164 535 1348 576 Gallaecos
1373 538 1559 577 transtulit

271 593 445 640 bellum,
466 594 530 644 qui
558 594 799 643 Brigantium
827 595 1015 646 oppidum
1038 595 1257 637 habebant:
1282 597 1557 648 hominesque⁹

268 667 352 693 non
375 663 462 693 ante
484 654 561 692 visa
582 653 693 693 claffe
709 684 720 702 ,
740 654 788 693 fic
816 656 1022 704 exterruit,
1043 665 1086 695 ut
1109 658 1278 711 imperata
1297 672 1430 712 promte
1443 659 1561 711 fabiu-

269 730 328 755 ros
361 715 643 766 pollicerentur.
683 715 747 755 Sic
780 724 918 766 pacata
949 718 1173 767 provincia,
1205 719 1455 770 gentibusque
1483 719 1559 758 ali-

272 786 368 828 quot
400 778 508 816 novis
528 777 692 828 imperio
717 778 878 827 adjectis
895 808 907 826 ,
927 779 1003 827 juri
1030 779 1200 818 dicundo
1234 780 1562 831 conventibusque

272 839 380 878 dedit
417 852 602 890 operam,
638 850 682 878 ut
717 841 963 879 concordiam
1005 841 1204 881 civitatum
1240 842 1446 890 stabiliret,
1478 855 1561 893 quae

269 910 429 952 propter
466 903 547 941 aeris
577 901 691 951 alieni
718 903 1026 955 magnitudinem
1065 903 1254 956 plerisque
1275 904 1371 945 locis
1399 906 1560 948 convel-

270 961 464 1001 lebantur.

325 1024 489 1075 LXXII.
520 1025 639 1076 Igitur
672 1024 907 1074 constituto,
932 1035 975 1073 ut
999 1041 1044 1065 ex
1067 1027 1256 1067 debitorum
1286 1026 1453 1067 reditibus
1484 1030 1560 1082 bes·

262 1085 338 1142 Jem
373 1088 554 1126 creditores
577 1087 808 1140 perciperent,
842 1089 949 1126 donec
980 1088 1176 1141 diffi'alutum
1206 1104 1254 1127 aes
1277 1091 1429 1129 alienum
1452 1093 1528 1145 cffi‘t
1544 1123 1557 1141 ‚

272 1161 364 1187 cum
388 1162 528 1199 magna
547 1150 667 1199 gratia
691 1148 883 1198 sociorum
897 1179 908 1197 ‚
930 1148 967 1189 se
987 1152 1234 1202 exercituque
1252 1152 1445 1204 locuplete
1465 1168 1561 1205 prae-

275 1211 327 1249 da
360 1213 498 1260 aufto,
536 1220 715 1261 praeterea
737 1211 1027 1261 imperatorium
1057 1226 1202 1252 nomen
1243 1213 1344 1254 bello
1377 1217 1564 1267 adeptus,

272 1285 356 1311 non
386 1272 605 1323 exspectato
635 1272 869 1322 successore,
901 1274 950 1313 ad
977 1275 1166 1326 triumphi
1196 1276 1301 1316 fimul
1331 1278 1563 1319 consulatus-

252 1347 350 1385 'que
376 1335 605 1384 petitionem
632 1335 800 1385 deceffit.
831 1336 879 1376 Et
901 1337 1083 1387 quidem,
1109 1341 1213 1388 quod
1244 1341 1426 1393 grandem
1450 1354 1565 1392 pecu-

249 1387 345 1436 ‘niae
369 1397 559 1436 summam
591 1398 640 1437 ad
666 1400 841 1438 aerarium
870 1399 1044 1446 miserat,
1074 1401 1248 1441 decretus
1278 1404 1312 1441 ei
1341 1404 1560 1462 triumphus

272 1458 347 1497 est:
383 1458 447 1497 sed
472 1469 553 1498 erat
581 1460 757 1510 improba
785 1460 952 1500 hominis
979 1464 1016 1502 ἀ
1050 1463 1225 1503 intricata
1252 1463 1439 1514 ambiti03
1468 1479 1559 1506 nam

271 1519 510 1571 postulaturo
549 1522 790 1572 triumphum
824 1532 928 1562 extra
955 1525 1092 1565 urbem
1122 1527 1392 1576 manendum,
1425 1530 1558 1569 candi-

274 1577 367 1622 dato
397 1579 554 1620 honoris
578 1583 822 1632 petendum
812 1597 851 1622 ln
875 1584 970 1624 urbe
992 1595 1084 1626 erat.

331 1650 514 1692 LXXIII.
530 1651 652 1708 Igitur
665 1652 713 1696 ab
736 1652 868 1693 senatu
883 1655 1111 1703 contendit,
1125 1665 1167 1695 ut
1180 1656 1344 1708 abstutis,
1355 1658 1389 1696 ὃν
1395 1673 1484 1711 per
1476 1659 1564 1696 zmi-

274 1726 336 1751 cos
356 1714 529 1765 petentis,
551 1715 717 1753 rationem
739 1716 855 1753 haben
869 1716 991 1755 liceret.
1023 1717 1159 1767 Neque
1180 1717 1358 1765 deerant,
1376 1719 1439 1769 qui
1456 1718 1559 1758 fave-

275 1782 386 1820 rent,
417 1775 516 1813 nulla
542 1777 582 1814 id
603 1777 671 1828 lege
693 1778 904 1829 prohibitum
922 1808 933 1825 ‚
951 1791 1111 1832 praeterea
1132 1781 1167 1819 δ’
1188 1781 1275 1818 aliis
1294 1780 1478 1832 conceſj'izm
1506 1783 1561 1830 ja-

275 1837 435 1875 «stantes.
477 1836 542 1875 sed
576 1838 686 1876 multi
713 1839 1055 1887 contradicebant,
1091 1842 1127 1882 &
1157 1851 1245 1880 ante
1273 1854 1408 1880 omnes
1440 1842 1560 1891 Cato,

277 1897 363 1947 qui,
393 1910 441 1936 ne
466 1898 666 1938 decretum
698 1912 743 1945 ea
776 1901 823 1939 de
858 1913 896 1939 re
922 1900 1029 1940 fieret
1051 1931 1062 1949 ,
1091 1902 1221 1949 diem,
1251 1915 1333 1952 quae
1370 1902 1559 1952 postrema

274 1970 359 1999 erat
388 1962 597 2011 temporis,
620 1964 718 2007 intra
747 1963 850 2013 quod
877 1963 1043 2014 profiteri
1073 1965 1299 2006 candidatos
1333 1966 1558 2016 oportebat,

278 2022 447 2062 dicendo
487 2026 645 2064 exemit.
690 2026 762 2067 His
789 2027 952 2080 cognitis
974 2059 986 2076 ‚
1010 2027 1154 2076 Caesar,
1181 2042 1231 2067 ne
1267 2028 1465 2068 consulatu
1492 2042 1561 2069 ex·-

277 2083 516 2134 cludetetur,
542 2088 645 2126 unde
666 2088 749 2137 plus
769 2088 835 2127 sibi
863 2090 1026 2138 virium,
1057 2091 1093 2129 δι
1119 2090 1344 2145 ampliorem
1371 2091 1559 2141 triumphi

277 2146 476 2194 materiam
502 2148 782 2197 pollicebatur,
812 2150 961 2189 dimisso
995 2151 1217 2201 triumpho,
1255 2152 1386 2189 urbem
1425 2152 1563 2200 ingres-¹

276 2205 364 2257 fus,
395 2221 482 2253 eam
509 2210 696 2248 continuo
723 2210 886 2262 suscepit
918 2213 1107 2252 actionem
1126 2243 1136 2259 ,
1169 2225 1244 2262 qua
1276 2213 1561 2265 rempublicam

319 2349 341 2394 §
367 2349 468 2382 LXX.
491 2350 633 2384 Diodor.
657 2353 746 2391 Plut.
772 2353 918 2396 Appian.
946 2356 1088 2387 Sueton.
1120 2355 1193 2387 Liv.
1217 2356 1306 2397 Epit.
1332 2356 1406 2391 Cic.
1432 2355 1556 2401 Philip.

271 2411 316 2445 3,
344 2413 395 2445 ιο,
419 2404 440 2448 §
460 2404 579 2445 LXXI,
600 2404 743 2444 Diodor.
771 2404 847 2439 Liv.
873 2405 962 2450 Epir.
992 2407 1134 2443 Sueton.
1157 2408 1307 2452 Appiam
