1675 2959
291 116 354 172 64
451 115 541 163 JO.
576 114 1079 162 FREINSHEMII
1115 116 1474 166 SUPPLEM.

288 222 487 264 Othonem
511 229 593 261 tum
619 229 820 273 praetorem
835 222 931 273 legis
958 223 1040 273 eju‘s
1061 224 1196 264 dolore
1213 225 1381 277 populus
1397 228 1436 266 in
1463 225 1583 266 theaa—

286 298 348 327 tro
371 285 610 332 exfibilaret,
637 284 785 334 equites
813 293 946 323 contra
973 285 1106 335 plausu
1142 289 1390 339 exciperent:
1432 289 1581 328 deinde·

287 352 427 391 iterum
452 350 545 388 inde
571 347 708 395 fibilis,
741 345 833 385 hinc
857 346 992 398 plausu
1016 349 1219 389 instaurato
1236 380 1247 398 ,
1275 350 1490 390 maledictis
1512 359 1570 389 at-

288 425 363 464 que
394 410 577 451 conviciis
608 411 707 449 inter
731 408 770 447 se
798 410 1133 450 committerentur
1161 412 1340 461 ordines,
1367 414 1405 452 ἀ
1437 425 1496 452 res
1523 412 1574 453 ad

287 474 517 514 seditionem
546 471 741 521 speetaret.

338 535 461 577 XLII.
498 534 619 584 Igitur
639 533 705 571 ubi
733 532 869 572 Cicero
896 527 1266 585 consulcomperit,
1293 536 1460 575 accurrit
1483 548 1574 585 pro-

283 610 394 649 pere,
421 603 632 644 vocataque
656 594 695 632 in
715 594 796 633 aede
821 593 991 634 Bellonae
1019 599 1230 645 concione,
1260 596 1416 647 plebem
1440 597 1572 647 objur-

285 672 402 711 gans,
434 658 484 696 ita
520 656 680 694 mutavit
710 656 886 704 animos,
917 666 960 695 ut
987 658 1134 697 reversa
1164 661 1205 698 in
1236 658 1456 707 theatrum,
1490 671 1580 698 non-

283 722 471 760 minorem
490 717 637 757 Othoni
654 716 826 766 plausum
847 717 945 768 ipsa,
974 731 1090 768 quam
1114 721 1286 769 equites,
1316 721 1460 759 darent.
1488 719 1576 774 Ma-

285 789 405 834 jorem
429 782 570 822 deinde
592 780 884 819 dimicationem
907 794 975 830 pro
1000 781 1043 821 C.
1065 781 1220 821 Rabirio
1241 782 1378 830 subiit,
1406 783 1465 821 cui
1485 782 1574 822 sub-

283 858 439 886 ornatus
466 858 487 883 a
512 844 553 883 C.
580 842 726 882 Caesare
752 842 928 882 tribunus
957 843 1080 894 plebis
1110 845 1155 885 T.
1182 845 1371 885 Labienus
1397 844 1575 894 perduel-

282 908 398 948 lionis
426 907 531 946 diem
559 905 726 950 dixerat,
762 907 856 957 quod
881 917 961 944 ante
977 905 1044 956 ka
1068 907 1103 945 6³
1127 907 1273 958 triginta
1301 919 1416 944 annos
1438 907 1479 945 L.
1504 909 1575 945 Sa-

283 970 433 1008 turnium
452 968 626 1007 tribunum
645 966 762 1019 plebis
786 966 971 1018 occidiffet.
996 966 1173 1017 Negabat
1199 967 1344 1006 faetum
1367 966 1569 1006 Rabirius:

283 1033 348 1071 sed
374 1044 453 1071 non
484 1039 562 1068 tam
589 1027 680 1075 ille,
713 1038 832 1076 quam
856 1026 1008 1067 senatus
1036 1030 1240 1068 auctoritas
1266 1029 1488 1080 petebatur,
1516 1031 1575 1068 ni-

283 1090 339 1128 hil
365 1090 548 1138 deinceps
568 1088 753 1132 valitura,
780 1086 870 1134 ubi,
897 1089 1002 1137 quod
1022 1089 1136 1138 ipsius
1160 1090 1259 1138 jussu
1283 1090 1375 1129 esset
1400 1091 1573 1136 faetum,

283 1150 368 1202 post
398 1157 457 1187 tot
488 1162 609 1186 annos
632 1149 670 1187 in
699 1148 1001 1197 disquisitionem
1026 1151 1177 1196 vocari,
1202 1163 1395 1202 poenaque
1424 1155 1459 1192 <Sc
1485 1153 1571 1202 sup·

282 1213 402 1265 plicio
425 1210 613 1249 vindicari
634 1208 740 1258 poss'e
765 1207 999 1248 constitiffet.

338 1273 480 1330 XLIII..
512 1273 611 1312 Cum
636 1271 786 1309 summa
812 1280 886 1319 ope
910 1270 1096 1310 restitisset
1120 1270 1258 1311 melior
1285 1285 1370 1323 pars
1397 1271 1575 1323 senatus,

283 1350 333 1376 ne
362 1335 551 1385 judicium
577 1345 621 1372 ea
648 1332 697 1371 de
723 1345 762 1370 re
782 1332 916 1379 fieret;
948 1331 1092 1370 tribuni
1115 1333 1240 1382 plebis
1258 1366 1270 1380 ,
1301 1335 1468 1375 fac'tione
1492 1336 1575 1375 Cae-

282 1398 370 1438 saris
401 1396 550 1449 adjuti,
585 1395 770 1433 vicerunt.
809 1395 861 1431 ita
900 1393 1095 1432 duumviri
1134 1406 1215 1433 non
1248 1407 1356 1433 more
1386 1395 1570 1445 antiquo,

283 1473 304 1499 a
330 1458 506 1509 populo,
545 1457 609 1506 qui
645 1453 950 1507 perduellionem
978 1455 1218 1503 judicarent,
1257 1454 1321 1493 sed
1354 1468 1374 1494 a
1410 1468 1573 1506 praetore

285 1523 363 1561 dati
381 1552 391 1568 ‚
415 1520 464 1559 sic
486 1521 599 1559 ducta
617 1518 738 1565 sorte,
765 1527 835 1565 ut,
861 1530 917 1556 res
941 1516 1265 1568 suspiciofiffima‚
1282 1517 1419 1557 Lucius
1444 1521 1476 1557 S:
1502 1519 1573 1558 Ca-

284 1586 344 1635 Jus
378 1581 471 1630 julii
499 1579 662 1620 Caesares
696 1578 841 1618 fierent.
878 1591 899 1616 a
929 1578 1024 1627 Cajo
1057 1587 1159 1616 certe
1191 1587 1271 1617 tam
1305 1579 1445 1628 cupide
1475 1591 1568 1618 con·

284 1647 487 1684 demnatus
515 1642 594 1689 est,
622 1650 665 1680 ut
693 1655 799 1680 more
816 1642 1006 1689 majorum
1027 1641 1076 1680 ad
1102 1641 1290 1691 populum
1312 1644 1566 1691 provocanti,

285 1707 383 1747 nihil
407 1719 515 1755 oeque
539 1716 583 1744 ac
608 1704 746 1754 judicis
774 1702 960 1742 acerbitas
983 1703 1180 1753 profuerit.
1217 1703 1286 1742 Pro
1314 1703 1389 1742 hoc
1415 1717 1478 1742 reo
1508 1704 1570 1743 Ci-

283 1769 432 1809 ceronis
458 1766 578 1806 exstat
611 1766 755 1814 oratio,
785 1778 868 1816 quae
896 1765 977 1816 ipso
999 1766 1127 1804 indice
1144 1797 1154 1814 ‚
1187 1774 1323 1816 quarta
1350 1765 1569 1805 habitarum

284 1833 327 1872 in
351 1829 552 1869 consulatu
570 1828 653 1866 fuit.
676 1827 960 1867 Periclitabatur
985 1837 1115 1867 tamen
1139 1841 1245 1875 reus,
1271 1832 1403 1878 (tanta
1432 1829 1486 1867 vis
1503 1829 1569 1867 ad-

285 1893 397 1933 versae
427 1891 603 1932 factionis
630 1894 741 1942 erat)
766 1903 854 1929 cum
880 1890 927 1940 Q.
954 1889 1105 1930 Metelli
1135 1889 1304 1938 Celeris‚
1336 1892 1398 1940 qui
1430 1900 1568 1940 praetor

286 1958 323 1997 &
350 1968 468 2006 augur
491 1962 595 2002 erat,
621 1953 723 1993 facto
749 1954 802 1992 est
835 1952 1028 1991 liberatus.
1063 1952 1291 1993 Centuriatis
1319 1953 1482 1991 comitiis
1517 1953 1566 1991 de

289 2016 554 2070 perduellione
579 2015 746 2066 populus
773 2014 984 2064 judicabat.
1013 2013 1079 2053 illa
1108 2027 1197 2053 cum
1220 2015 1315 2052 intra
1335 2014 1569 2064 pomoerium

284 2080 368 2119 fieri
387 2079 494 2118 nefas
518 2078 630 2125 esset,
653 2078 864 2128 antiquitus
892 2086 971 2115 erat
995 2077 1174 2115 statutum
1190 2105 1200 2123 ,
1230 2084 1295 2124 ut,
1311 2086 1499 2125 occupato
1525 2077 1566 2115 in

284 2141 469 2192 suffragiis
502 2140 668 2179 ferendis
697 2138 869 2190 populo,
905 2139 1092 2177 exercitus
1118 2137 1274 2188 praefidii
1303 2136 1414 2176 causa
1446 2138 1569 2186 impe-

291 2212 440 2242 raretur.
472 2204 523 2241 ita
547 2201 691 2249 fiebat,
718 2209 760 2239 ut
783 2212 871 2238 eum
896 2200 1011 2237 arinis
1046 2198 1214 2245 exirent3
1243 2210 1315 2236 nec
1352 2197 1459 2235 simul
1486 2197 1570 2234 uni-

290 2266 382 2306 versi
411 2266 538 2315 cives,
560 2263 624 2304 sed
650 2276 716 2315 per
739 2272 889 2314 partes,
919 2262 1061 2301 ferrent
1089 2260 1286 2312 suffragia,
1319 2274 1395 2311 quo
1417 2260 1567 2310 semper

293 2440 312 2470 ς
339 2392 365 2469 ᾗ
388 2391 477 2469 ΞΜ.
502 2391 634 2428 Sallust.
656 2390 746 2428 Flor.
771 2391 898 2427 Areon.
922 2390 944 2437 5
966 2389 1070 2426 XLII.
1095 2390 1168 2425 Cic.
1195 2391 1235 2423 de
1257 2391 1321 2434 leg.
1343 2389 1422 2435 Agr.
1443 2388 1570 2423 Ascon.

294 2454 333 2473 ,α
364 2450 382 2470 U
417 2462 424 2469 .
