1675 2959
239 159 320 208 IN
369 157 543 205 LOC.
578 156 711 202 LIB.
751 155 853 202 (3111
903 154 1052 201 LIV.
1220 160 1311 213 141¹

38 264 292 320 superabilia,
312 273 482 303 metuens
495 295 507 313 ,
523 263 589 302 sub
612 263 764 302 initium
780 259 917 313 Aprilis
940 261 979 298 in
993 257 1228 311 provinciam
1252 258 1310 299 iit.

97 337 312 379 CXXVIII.
346 336 579 377 Pacatiffima
603 336 655 374 ibi
680 344 786 381 erant
810 334 938 372 omnia
955 362 966 380 ,
993 332 1152 370 minime
1175 342 1220 368 ex
1244 342 1311 368 vo-

43 410 86 443 to
121 401 299 448 Caesaris,
330 400 393 450 qui
427 400 539 437 rebus
572 398 758 444 turbatis,
790 409 835 435 ex
879 393 1067 434 ditissimis
1098 392 1317 432 nationibus

43 466 232 518 praedam,
254 465 289 502 <Sc
312 463 359 501 de
385 459 666 511 pugnaciffimis
687 459 884 496 materiam
911 453 1190 505 triumphorum
1212 465 1318 503 quae·

44 528 164 566 rebat.
211 526 329 576 Igitur
355 526 402 563 de
425 533 535 562 motu
558 522 825 562 Helvetiorum
848 519 957 558 laetus
986 518 1156 565 audivit,
1181 516 1245 566 qui
1267 514 1318 554 ab

44 588 270 638 Orgetorige
291 586 464 636 principe
482 584 604 635 gentis
632 583 801 631 incitati,
820 593 1047 632 quamquam
1061 610 1072 628 ,
1093 578 1160 617 illo
1183 578 1320 617 deFun-

48 652 132 697 eto,
163 648 386 693 consilium,
422 648 530 695 cujus
566 647 757 685 auctorem
795 645 1092 690 damnaverant,
1122 641 1320 689 exsecuti,

47 710 207 749 incensis
240 709 391 747 sedibus
427 707 522 755 suis,
558 706 649 744 alias
687 705 879 755 quaefitum
907 704 957 743 ad
990 704 1109 754 ripam
1140 702 1322 742 Rhodani

14 797 18 801 -
49 771 349 811 contendebant.
376 769 448 809 His
473 767 593 808 Caesar
609 767 766 815 auditis,
786 774 891 806 tanta
915 765 1154 804 festinatione
1176 764 1322 814 peregit
1388 752 1391 756 ¹

48 832 144 880 iter,
160 839 204 870 ut
226 833 361 870 ottavo
389 829 450 868 die
464 861 476 876 ,
493 841 606 878 quam
621 838 698 867 erat
715 827 762 866 ab
788 826 883 865 urbe
905 826 1100 876 profetlus
1114 855 1126 871 ‚
1150 825 1198 863 ad
1217 823 1327 864 Rho-

53 895 196 933 danum
223 894 365 933 flumen
397 891 619 942 perveniret.
655 891 763 938 cujus
785 887 952 926 adventu
979 889 1161 938 cognito,
1181 885 1328 936 legatoe

51 955 220 997 Helvetii
245 955 401 992 mittunt
432 952 590 1002 petitum
607 979 619 998 ‚
642 959 685 988 ut
698 949 768 1001 fibi
799 963 861 1002 per
889 947 1110 1003 provinciam
1142 949 1246 987 eundi
1267 962 1326 986 co-

52 1020 149 1073 piam
163 1017 305 1068 faciat,
325 1018 402 1067 fiize
426 1014 596 1063 maleficio
616 1010 825 1061 transituris.

109 1080 292 1120 CXXIX.
318 1077 456 1124 Caesar,
484 1074 583 1126 quasi
619 1072 961 1120 deliberabundus,
984 1071 1104 1110 reverti
1127 1071 1259 1124 legatos
1286 1085 1321 1109 a.

54 1143 89 1181 d.
126 1142 211 1179 Idus
238 1139 383 1192 Apriles
416 1137 535 1187 jubet.
576 1134 726 1174 interim
762 1133 953 1172 contrabit
987 1133 1134 1171 strenue
1170 1135 1328 1182 copias,

55 1203 261 1254 provinciae
292 1200 426 1239 indicit
452 1198 665 1244 delectum,
696 1208 848 1234 murum
876 1193 1086 1244 fossamque
1107 1207 1128 1233 a
1152 1193 1239 1233 lacu
1263 1194 1332 1234 Le-

55 1277 199 1303 manno
226 1262 273 1301 ad
313 1269 484 1299 montem
516 1260 646 1307 Juram
685 1257 816 1305 ducit,
843 1269 917 1305 quo
949 1255 1135 1295 Helvetiis
1166 1254 1333 1294 Rhoda-

57 1339 151 1366 num
174 1326 226 1364 ad
244 1325 435 1364 Genevam
458 1319 719 1359 transmissiiris
742 1320 812 1356 iter
834 1318 1092 1368 praec-luderet.
1117 1317 1235 1368 Igitur
1250 1317 1328 1367 illi,

60 1403 148 1430 cum
170 1389 207 1428 se
221 1388 369 1428 delusos
385 1386 656 1436 intelligerent,
677 1384 803 1423 &vim
818 1393 1007 1422 tentantes
1034 1382 1331 1432 repellerentur,

58 1464 125 1503 per
148 1452 340 1500 Sequanos
365 1450 398 1488 Sc
424 1448 565 1488 AEduos
593 1446 632 1483 in
658 1446 867 1484 Santonum
896 1444 989 1482 fines
1014 1453 1211 1494 penetrare
1232 1444 1334 1482 insti-

59 1519 183 1551 tuunt.
221 1509 305 1549 Hoc
331 1508 583 1558 impediturus
609 1505 750 1552 Caesar,
777 1504 824 1544 T.
844 1502 1010 1545 Labieno
1038 1503 1163 1554 legato
1186 1505 1220 1543 ei
1250 1517 1334 1543 mu.

60 1573 199 1612 nitioni
215 1601 224 1619 ,
249 1584 359 1622 quam
388 1569 436 1608 ad
461 1568 693 1609 Rhodanum
719 1566 860 1605 fecerat
877 1597 890 1613 ‚
920 1566 1126 1616 impolito,
1159 1566 1335 1605 celeriter

60 1638 102 1676 in
128 1635 276 1676 Italiam
304 1632 508 1684 regi-effus,
538 1633 631 1671 duas
654 1630 823 1681 legiones
851 1642 967 1668 novas
991 1628 1220 1676 conscribit,
1251 1629 1333 1668 eas·

64 1711 138 1748 que
163 1709 249 1737 curn
273 1697 390 1735 tribus
406 1726 419 1741 ,
445 1708 527 1745 quae
553 1694 651 1733 circa
677 1691 888 1742 Aquileiam
913 1691 1159 1740 hiemabant,
1184 1704 1251 1742 per
1273 1690 1335 1732 Al-

65 1771 134 1810 pes
161 1772 241 1796 non
274 1758 351 1796 fine
386 1756 591 1795 certamine
618 1753 828 1793 transduxit
851 1754 891 1791 in
915 1749 1091 1793 Galliam.

127 1828 294 1868 CXXX.
309 1828 410 1867 Inter
427 1826 509 1864 haec
527 1824 715 1872 Helvetii,
737 1825 946 1864 ffiduorum
962 1835 1071 1874 agros
1087 1821 1312 1873 populando
1324 1853 1337 1874 ,

67 1899 274 1938 coegerunt
287 1888 386 1935 illos,
402 1886 685 1936 Ambarrosque,
700 1888 734 1926 ὃ(
751 1885 1013 1935 Allobrogum,
1028 1898 1108 1935 quae
1122 1894 1223 1923 trans
1237 1885 1341 1925 Rho-

70 1954 212 1992 danum
241 1951 419 1999 colebat,
443 1959 588 2000 partem
606 1979 617 1995 ,
645 1947 830 1987 auxilium
861 1960 881 1984 a
911 1946 1052 1985 Caesare
1085 1955 1225 1996 petere.
1256 1946 1342 1985 Nec

71 2015 204 2055 abnuit
232 2013 320 2059 ille,
343 2026 418 2063 quo
442 2012 568 2062 potius
601 2010 660 2050 his
689 2010 798 2048 sociis
822 2007 965 2048 bellum
991 2007 1166 2047 adversus
1200 2006 1342 2047 Helve-

22 2103 25 2105 >
70 2078 169 2124 tios,
205 2089 316 2126 quam
353 2073 532 2125 neglectis
569 2075 603 2112 &
636 2072 831 2119 alienatis,
858 2069 1034 2109 adversus
1064 2070 1133 2108 hos
1162 2068 1272 2108 fimul
1298 2067 1342 2107 il-

73 2137 204 2188 losque
221 2143 373 2188 gereret.
398 2135 455 2174 Ad
472 2135 616 2174 Ararim
644 2133 717 2172 five
739 2134 927 2182 Sagonam
947 2136 1134 2184 (utroque
1153 2131 1253 2168 enim
1274 2143 1343 2169 no-

73 2199 178 2242 mine
212 2199 422 2250 appellatur
449 2197 619 2251 flumen)
649 2199 766 2248 prima
793 2195 987 2235 commiffa
1014 2208 1139 2245 pugna
1167 2195 1246 2234 est:
1275 2195 1344 2233 ubi

79 2273 209 2315 quarta
238 2263 358 2301 ferme
386 2274 470 2313 pars
506 2260 796 2305 Helvetiorum,
825 2263 969 2309 (pagus
994 2256 1200 2305 Tigurinus
1235 2255 1345 2307 erat)

77 2337 165 2364 cum
188 2325 303 2363 ceteri
325 2336 477 2363 amnem
499 2321 728 2369 transissent,
751 2333 772 2360 a
796 2318 939 2359 Caesare
959 2317 1155 2368 profligata
1182 2316 1243 2355 est.
1273 2316 1344 2354 Ce-

83 2420 86 2423 ’
106 2457 108 2459 -
127 2437 148 2478 ς
173 2436 342 2470 CXXVII.
364 2438 647 2480 Venej.D·10dor.
671 2438 744 2470 cic.
763 2435 803 2469 ad
822 2437 865 2477 Q.
883 2435 978 2468 fratr.
1002 2446 1041 2475 1,
1060 2444 1091 2465 π.
1113 2433 1133 2477 5
1159 2431 1351 2470 cxxvur,

86 2480 162 2519 ,CB-e.
186 2481 225 2516 ad
244 2481 350 2520 Arne,
372 2493 391 2516 2
408 2506 418 2523 ,
448 2493 498 2527 19·
518 2483 661 2518 Diodor.
688 2482 710 2526 ἓ
737 2480 888 2515 CXXIX.
907 2480 995 2515 flor.
1014 2490 1057 2520 4,
1080 2487 1117 2512 2·
1205 2499 1206 2503 =
1383 2479 1385 2482 ’
