1675 2959
272 133 390 189 1'412
465 129 558 177 JO.
591 124 1087 178 FREINSHEMII
1129 131 1484 179 SUPPLEM.

354 235 456 277 LXI.
479 237 554 277 Sed
588 237 625 276 in
653 237 838 288 plerisque
865 238 1066 277 annalibus
1095 239 1294 278 consulatu
1325 241 1374 290 Q.
1405 239 1501 278 Fufii
1531 239 1583 288 Q

297 297 341 338 F.
368 300 409 339 C.
434 302 482 341 N.
509 302 665 347 Caleni,
692 302 728 340 P.
745 301 887 339 Vatinii
912 302 948 340 P.
968 301 1007 341 F.
1029 302 1094 341 hic
1116 316 1237 341 annus
1254 312 1429 342 notatur:
1451 315 1584 353 quarn-

298 374 417 412 quarn
443 363 499 403 illi
529 364 762 413 magistratus
790 364 871 410 ejus
904 376 1050 403 nornen
1074 365 1161 418 (vis
1188 366 1291 404 enim
1321 379 1437 416 penes
1464 365 1584 405 Caesa-

296 435 378 462 rem
405 425 512 478 erat)
544 434 712 462 extrema
741 424 899 462 demum
926 426 1016 462 anni
1057 434 1162 474 parte
1188 436 1422 477 receperunt.
1471 426 1584 466 Cale-

296 481 392 522 bant
426 485 576 523 interim
617 483 860 524 Alexandrini
899 484 1113 533 tumultus,
1150 488 1186 526 &
1221 488 1371 527 acribus
1402 491 1581 538 utrinque

296 545 432 583 animis
463 558 521 583 res
549 544 761 594 gerebatur.
801 546 957 585 divisam
980 547 1020 585 in
1040 554 1163 597 partes
1191 547 1324 587 urbem
1349 548 1439 587 hinc
1464 550 1577 599 AEgy«

293 605 390 655 ptii,
416 606 506 644 inde
527 605 671 654 Caesar,
690 608 839 658 magnis
870 608 1050 657 operibus
1084 610 1431 649 communiebant:
1468 612 1503 650 ὃς
1528 612 1578 650 ab

293 664 483 715 utrisque,
507 667 609 704 unde
632 676 833 716 poterant,
859 668 1003 707 auxilia
1031 668 1240 708 ciebantur.
1267 671 1378 720 Apud
1397 669 1579 709 Caesarem

292 724 423 764 adhuc
453 727 678 768 Ptolemaeus
718 738 824 776 erat,
858 730 1115 780 intentiusque
1151 731 1395 780 servabatur,
1426 732 1449 770 fi
1485 732 1581 771 nihil

291 785 418 834 aliud,
447 787 622 828 solatium
646 791 826 830 vindiciae
857 791 1082 841 praebiturus
1111 793 1313 842 pereunti;
1343 803 1455 843 atque
1482 794 1581 832 inte-

291 848 365 886 rim
402 848 555 889 suorum
589 853 739 891 animos
779 852 840 891 vel
868 850 1112 892 miseratione
1140 854 1323 904 periculi,
1361 854 1421 893 vel
1453 857 1582 895 aucto·

291 909 404 948 ritate
438 914 607 952 nominis
632 913 813 952 flexurus.
1437 958 1440 961 ,

346 974 471 1014 LXII.
491 975 609 1026 Igitur
635 978 671 1016 δι
698 977 737 1015 in
757 976 987 1027 superiorem
1021 975 1150 1019 locum
1181 977 1390 1027 productus
1412 977 1583 1028 increpa-

289 1035 346 1075 vit
370 1038 556 1075 audaciam
573 1068 584 1086 ,
607 1053 676 1076 non
703 1051 822 1077 contra
841 1039 881 1090 se
907 1040 1044 1086 minus,
1061 1054 1163 1090 quam
1191 1041 1373 1091 Caesarem,
1395 1041 1583 1092 serentium

292 1113 414 1147 arma,
432 1100 612 1151 jussitque
635 1116 771 1153 ponere.
795 1102 865 1152 fibi
890 1104 979 1140 enim
999 1103 1126 1153 optime
1147 1103 1325 1141 convenire
1354 1117 1428 1140 curn
1452 1104 1583 1140 Roma-

291 1162 371 1209 nis,
389 1163 535 1214 suaeque
564 1164 753 1216 dignitalis
782 1165 816 1202 G·
844 1164 977 1216 imperii
1000 1165 1140 1214 firmum
1174 1177 1363 1216 certumque
1386 1165 1582 1216 praefidium

291 1224 413 1263 habere
437 1226 474 1262 in
495 1226 653 1265 amicitia
683 1227 837 1279 Caesaris.
865 1228 909 1266 At
934 1226 990 1265 illi
1019 1233 1098 1266 n'on
1121 1236 1200 1265 tam
1233 1226 1346 1264 verba
1374 1225 1582 1276 loquentis,

294 1298 407 1336 quarn
441 1295 615 1337 tempora
651 1288 922 1339 respicientes,
952 1290 988 1328 ἃ
1029 1288 1149 1339 magis
1179 1288 1271 1337 quid
1304 1287 1430 1335 velle,
1466 1300 1583 1337 quam

294 1351 388 1402 quid
417 1351 542 1390 dicere
562 1352 775 1399 videretur,
802 1351 902 1390 nihil
926 1351 1072 1391 remissa
1096 1351 1342 1390 contumacia
1368 1351 1582 1390 institerunt

293 1413 448 1462 coeptis.
479 1414 539 1453 Ne
561 1426 661 1453 mors
691 1415 846 1464 quidem
878 1413 1034 1454 Achillae
1060 1413 1177 1452 finem
1208 1422 1274 1451 aut
1304 1425 1450 1450 moram
1479 1411 1582 1451 bello

291 1476 450 1517 attulit:
478 1491 592 1526 quem
619 1478 831 1528 suspectum
861 1476 1102 1526 invisumque
1130 1489 1196 1526 per
1227 1476 1491 1526 Ganymedem
1519 1487 1582 1512 oc—

293 1542 451 1591 cupavit
478 1539 630 1579 Arsinoe
647 1571 659 1587 ‚
691 1539 970 1590 percufforique
1000 1538 1204 1588 imperium
1232 1538 1432 1586 copiarum
1459 1535 1581 1574 tradi-

293 1603 363 1643 dit.
389 1604 511 1652 Atque
535 1602 599 1642 ille
615 1635 625 1651 ‚
650 1603 834 1643 militibus
851 1603 1053 1653 largitione
1075 1600 1262 1652 placatis,
1291 1599 1394 1638 haud
1418 1598 1582 1649 segniter

293 1667 554 1708 administrare
597 1666 739 1705 bellum
783 1666 912 1712 orsus,
946 1665 1195 1714 aquationem
1242 1663 1410 1701 adimere
1444 1661 1578 1702 Caesari

291 1742 442 1779 magnae
468 1728 582 1767 molis
611 1728 792 1778 operibus
821 1727 994 1766 instituit.

348 1791 489 1832 LXllI.
508 1791 593 1839 Jam
608 1802 695 1829 ante
712 1821 721 1837 ‚
745 1791 810 1840 qui
829 1787 1069 1839 pertinebant
1085 1787 1125 1827 in
1145 1786 1284 1837 regiam
1303 1815 1313 1832 ‚
1331 1783 1578 1834 aquaeduftus

291 1854 493 1902 interrupti
517 1851 564 1890 ab
591 1850 740 1891 Achilla
765 1851 943 1891 fuerant:
972 1849 1036 1890 sed
1062 1850 1219 1888 aderant
1243 1847 1375 1896 specus
1397 1847 1433 1886 &
1452 1846 1581 1895 putei,

292 1918 415 1963 unde,
432 1916 520 1955 licet
534 1916 709 1965 anguste,
728 1914 880 1955 Caesaris
895 1913 1057 1958 milites.
1078 1925 1145 1963 pro
1167 1911 1342 1962 praesenti
1363 1919 1492 1948 tamen
1507 1921 1574 1947 ne.

293 1979 463 2018 cessitate
490 1977 579 2017 satis
603 1977 851 2027 aquabantur.
884 1976 1023 2017 Eorum
1043 1975 1226 2025 specuum
1251 1973 1332 2011 haec
1348 1982 1427 2011 erat
1450 1972 1545 2010 ratio
1564 1986 1575 2011 :

293 2042 405 2083 Nilus
438 2055 574 2092 aquam
605 2041 798 2079 turbidam
824 2050 938 2090 atque
966 2038 1140 2078 limosam
1167 2037 1336 2083 vehens,
1367 2048 1449 2085 quae
1475 2033 1583 2073 mul-

294 2116 354 2147 tos
374 2106 570 2156 variosque
597 2104 752 2144 morbos
770 2103 962 2143 efficiebat
977 2133 988 2149 ,
1010 2102 1219 2150 antiquitus
1242 2106 1441 2138 monuerat
1466 2096 1579 2136 Alex.

293 2170 501 2214 andrinos‚
516 2176 581 2213 ut,
599 2166 755 2206 suffoffis
774 2165 952 2205 domibus
966 2195 977 2212 ,
999 2177 1137 2215 aquam
1155 2177 1174 2202 e
1197 2163 1357 2218 flumine
1372 2169 1577 2209 exceptam

293 2232 511 2273 servarent:
550 2231 675 2270 donec
709 2228 830 2279 spatio
864 2229 1049 2278 temporis
1075 2223 1283 2276 liquescens
1312 2221 1420 2272 potui
1454 2220 1580 2269 aptior

294 2295 414 2335 fieret.
460 2293 576 2343 Igitur
606 2292 849 2342 Ganymedes
880 2304 900 2329 a
927 2288 1140 2330 sollertibus
1175 2282 1423 2330 hominibus,
1445 2281 1577 2331 quales

296 2364 405 2397 erant
433 2354 613 2407 permulti
637 2352 894 2399 Alexandriae,
916 2350 1134 2389 admonitus
1153 2379 1162 2393 ‚
1187 2347 1352 2396 corrumpi
1379 2358 1507 2396 aquam
1535 2344 1575 2380 in

340 2471 364 2516 §
389 2471 473 2504 Lxl.
494 2470 583 2502 Hirt.
609 2468 647 2501 de
672 2468 706 2501 Β,
730 2466 826 2500 Alex.
852 2464 937 2499 Caes.
956 2464 1035 2496 Dio.
1059 2462 1080 2506 5
1102 2460 1314 2494 Lx11.1-1irt.
1341 2457 1424 2491 Dio.
1446 2457 1539 2491 Plut-
