1675 2959
276 96 368 145 208
436 82 1471 148 JO.FRE1NSHEM115UPPLEM.

275 203 488 245 Serbonitis
524 203 797 243 circumeunda
835 203 944 252 palus
980 210 1086 252 erat,
1120 197 1323 256 Typhonis
1357 204 1563 245 formidata

272 267 456 314 nomine,
484 267 593 315 cujus
618 278 662 304 ea
684 264 759 303 effe
801 264 1030 314 spiramenta
1052 266 1291 307 dicebantur.
1319 268 1394 308 Sed
1412 268 1569 317 Antipa-

275 342 336 371 ter
357 329 537 380 Judaeos,
569 327 834 377 AEgyptiorum
867 326 1033 376 milites,
1073 331 1299 369 auetoritate
1330 329 1395 370 sua
1417 342 1568 380 permo‘·

274 394 353 440 vit,
388 399 433 430 ut
464 390 611 436 aditus,
638 402 746 438 quos>
768 388 1062 438 custodiebant,-
1099 390 1213 441 seque
1240 392 1343 443 ipsos
1374 391 1568 431 traderent

274 453 475 497 Romanis.
501 451 557 491 Ita
583 452 738 490 nemine
763 464 870 490 arma
894 460 1142 502 opponente,
1171 453 1229 493 M.
1259 455 1474 501 Antonius,
1501 452 1567 502 qui

273 515 486 569 praemiffus
518 526 606 552 cum
643 514 814 563 equitatu
840 513 992 562 fuerat,
1018 527 1099 553 non
1123 515 1243 554 modo
1272 517 1478 567 occupavit
1500 529 1566 555 an-

273 579 436 630 gustias3
471 575 536 616 sed
564 576 680 615 etiam
715 575 927 625 Pelufium,
948 577 1118 628 amplam
1156 576 1292 616 urbem
1319 579 1568 629 praefidioque

270 640 486 687 munitam,
511 638 670 688 recepit.
716 638 771 678 Ea
799 652 857 677 res
883 638 994 678 saluti
1024 640 1099 678 fuit
1126 639 1349 691 Pelufiotis,
1373 640 1508 690 quibus
1529 641 1566 679 &

270 703 438 744 Romani
462 706 738 751 pepercerunt:
763 701 799 740 ἃ
820 713 911 739 cum
928 700 1057 741 saevire
1078 701 1307 743 Ptolemaeus
1331 699 1472 752 vellet,
1487 714 1568 741 non

272 767 326 806 est
351 764 399 804 ab
426 763 599 804 Antonio
627 761 727 801 situs.

326 823 470 865 XLIII.
519 823 568 863 At
596 821 798 872 postquam
833 820 1020 860 Gabinius
1047 820 1289 871 supervenit,
1316 821 1430 862 rebus
1459 821 1568 862 Pelu-

271 888 314 927 fii
344 885 583 932 constitutis,
620 883 803 933 bipartito
834 884 1007 926 exercitu
1039 883 1313 924 Alexandriam
1344 886 1566 936 petentibus

270 950 447 1001 AEgyptii
463 954 724 990 occurrerunt.
742 945 887 985 Acriter
908 945 1146 996 aliquamdiu
1161 957 1354 988 certatum
1365 949 1438 988 est:
1455 961 1567 997 mox,

272 1012 362 1063 quia
398 1010 452 1051 M.
480 1009 670 1049 Antonius
701 1020 774 1046 nec
814 1008 974 1058 opinato
1011 1018 1115 1058 terga
1148 1008 1314 1049 hostium
1353 1010 1567 1058 invaserat,

270 1072 429 1112 victoria
466 1081 584 1121 penes
619 1069 817 1108 Romanos
855 1068 940 1107 fuit.
1005 1067 1144 1107 Crebra
1179 1069 1320 1108 deinde
1358 1072 1394 1110 δε
1426 1083 1565 1121 magna

272 1136 482 1174 certamina
521 1131 630 1171 variis
667 1130 867 1169 commissa
901 1129 1028 1178 locis,
1069 1130 1194 1169 donec
1231 1131 1386 1172 duobus
1415 1133 1565 1183 magnis

271 1198 442 1248 proeliis,
465 1208 629 1246 quorum
653 1193 817 1232 alterum
845 1192 883 1231 in
912 1192 1074 1232 flumine
1100 1192 1277 1233 claffibus
1302 1195 1566 1246 depugnatum

271 1265 325 1301 est
343 1293 354 1310 ,
383 1258 727 1301 Alexandrinorum
758 1255 953 1294 temeritas
978 1256 1309 1306 comprimeretur.
1346 1257 1435 1297 Erat
1460 1258 1565 1297 enim

271 1327 314 1365 id
339 1327 376 1365 ei
406 1322 554 1374 populo
596 1321 813 1375 ingenium,
844 1328 888 1359 ut
915 1322 1105 1371 projeetus
1139 1321 1188 1360 ael
1222 1322 1470 1372 audendum,
1507 1323 1566 1363 se-

270 1385 487 1427 ditionibus
524 1385 718 1423 continuis
752 1384 801 1422 ad
835 1382 1022 1422 vilitatem
1050 1385 1244 1434 corporis,
1285 1387 1319 1424 &
1353 1385 1564 1436 spernenda

270 1446 439 1499 pericula
466 1445 654 1484 exercitus
670 1473 682 1491 ,
707 1442 806 1482 nihil
828 1456 906 1482 non
930 1443 1181 1493 promtiffime
1205 1443 1431 1495 susciperet:
1456 1446 1564 1485 idem

268 1510 488 1557 mutabilis,
512 1512 547 1549 ἃ
573 1508 714 1548 laboris
739 1520 930 1558 moraeque
959 1507 1166 1557 impatiens
1184 1537 1195 1555 ,
1225 1507 1289 1547 ubi
1319 1509 1466 1558 primus
1490 1509 1564 1547 im-

267 1585 383 1628 petus
407 1571 673 1618 deferbuisset,
697 1571 870 1622 qualibet
889 1571 1116 1610 conditione
1137 1569 1353 1610 redimebat
1373 1579 1453 1610 tam
1471 1583 1563 1610 con-

269 1645 432 1677 temtam
457 1645 570 1674 antea
595 1644 744 1684 pacem.

323 1698 461 1739 XLIV.
492 1698 673 1744 Narrant,
700 1696 836 1733 edut‘las
860 1708 905 1732 ex
927 1695 1007 1732 urbe
1031 1693 1175 1745 copias,
1192 1707 1268 1731 cum
1288 1693 1386 1732 vallo
1411 1695 1445 1733 ἃ·
1465 1693 1562 1746 fbffiz

266 1763 399 1812 cingere
419 1760 528 1811 casim
543 1757 743 1810 juberentur
759 1787 772 1805 ‚
792 1755 1018 1807 Jiccclamaffi
1041 1757 1222 1809 universim
1239 1785 1250 1803 ,
1275 1767 1313 1794 ut
1339 1757 1379 1794 id
1395 1770 1563 1809 opusfpe-

267 1822 375 1861 cunia
393 1821 539 1872 publica
563 1820 743 1861 lutfretur.
774 1819 895 1869 Igitur
924 1821 959 1858 ἃ
987 1818 1258 1858 Alexandriam
1289 1818 1500 1866 Gabinius,
1525 1820 1562 1859 &

267 1889 394 1921 totum
408 1880 562 1931 AEgypti
577 1891 737 1930 regnum
759 1880 892 1930 paucis
913 1879 1103 1919 mensibus
1126 1881 1255 1930 cepit,
1274 1891 1364 1918 cum
1383 1891 1562 1931 magnam

267 1957 406 1984 eorum
443 1943 649 1982 hominum
682 1941 973 1982 multitudinem
1008 1953 1096 1981 cum
1127 1941 1317 1982 Archelao
1347 1953 1434 1992 rege
1461 1942 1563 1981 occi-

269 2005 395 2046 differ.
450 2004 598 2054 Corpus
638 2014 768 2042 tamen
804 2002 980 2042 Archelai
1026 2003 1245 2054 requisitum
1284 2002 1332 2041 ab
1364 2004 1563 2051 Antonio,

267 2075 425 2118 propter
449 2066 510 2113 jus
538 2062 717 2114 hospitii,
748 2065 784 2103 δε
807 2064 911 2114 regio
937 2063 1062 2103 sumtu
1088 2064 1310 2103 funeratum
1332 2063 1396 2102 est.
1425 2063 1564 2112 Libet,

267 2126 536 2177 Alexandrinae
568 2126 794 2165 temeritatis
811 2155 823 2173 ,
858 2138 948 2166 cum
977 2126 1083 2166 foeda
1107 2125 1372 2177 superstitione
1398 2127 1562 2174 conjun-

270 2193 361 2236 ἀπ,
397 2190 677 2228 documentum
703 2188 780 2228 hoc
803 2198 978 2240 tempore
1001 2190 1146 2229 editum
1162 2219 1173 2237 ,
1208 2190 1247 2227 in
1276 2201 1315 2226 re
1348 2188 1449 2226 haud
1472 2188 1563 2227 satis

270 2264 338 2306 per
363 2251 401 2290 se
428 2250 673 2291 memorabili
700 2263 912 2302 exponere.
948 2252 1139 2292 Nondum
1167 2259 1249 2290 erat
1281 2261 1427 2289 certum
1444 2279 1456 2298 ,
1483 2261 1561 2300 quo

320 2368 342 2409 ς
369 2366 472 2399 XLII.
494 2365 571 2398 Liv.
594 2366 683 2408 Epit.
705 2365 814 2398 Strab.
831 2366 976 2404 Diodor.
998 2366 1019 2412 §
1043 2365 1165 2400 XLIII.
1191 2364 1329 2409 Joseph.
1348 2365 1452 2409 antiq.
1470 2364 1503 2397 ὃ(
1519 2365 1560 2400 de

275 2414 354 2448 nell.
375 2411 451 2450 Jud.
468 2411 545 2448 Val.
566 2410 662 2445 Max.
687 2409 727 2453 8,
756 2421 786 2447 ι.
