1675 2959
313 116 401 177 ηεξ
470 106 1495 161 10.FRE1NSHEM115UPPLEM.

305 222 347 264 in
369 221 598 263 Bohemiam
617 219 904 269 immigrarent,
927 219 991 257 vix
1016 217 1225 257 dubitatur.
1258 217 1331 257 His
1353 215 1475 255 ferme
1497 222 1593 255 coni

304 282 415 336 jungi
437 280 664 332 Quadorum
685 280 790 319 natio
812 279 930 327 solet,
954 280 1004 318 ad
1026 279 1249 319 Danubium
1273 278 1418 318 flumen
1437 276 1592 317 colens-2

303 347 491 391 Moraviae
516 343 729 392 Silesiaeque
763 351 939 392 partem,
976 342 1116 380 deinde
1145 342 1327 381 Austriam
1364 338 1597 386 obtinuisse,

306 421 391 447 non
409 406 541 454 inepta
560 404 790 451 -conjec'tura
812 401 1056 441 existimatur.
1081 401 1257 450 Superest
1284 399 1476 440 orientalis
1504 383 1599 453 Ges-3

308 468 447 509 maniae
464 464 590 515 portio
604 493 616 509 ‚
639 474 711 513 qua
730 462 969 502 Pannoniam
991 461 1256 510 Sarmatasque
1276 461 1513 511 respiciebat.
1539 460 1598 500 Ex

305 533 369 572 his
394 528 577 579 Marfigni
597 526 776 576 Bnriique
801 525 964 565 Suevico
986 525 1161 563 sermone
1182 523 1394 572 habituque
1410 523 1606 562 testaban-·

307 604 373 635 tur
402 592 614 641 originem:
650 587 842 627 Gorhinos
869 585 1044 632 Gallica,
1075 584 1173 624 Osos
1195 584 1415 623 Pannonica
1441 583 1600 634 lingua,

306 655 402 695 teste
422 650 583 697 Tacito,
606 647 841 698 coarguebat
862 660 944 686 non
968 647 1042 687 esse
1065 647 1297 693 Germanos,
1314 648 1350 685 ἅ
1367 646 1455 696 quia
1479 646 1603 685 tribu-

310 726 350 756 ta
383 712 639 766 patiebantur.
677 711 824 750 ornnes
850 723 903 749 eae
934 719 1068 760 gentes
1100 721 1205 758 terga
1231 709 1601 748 Marcomannorum

311 777 617 827 Quadorumque
637 771 891 810 claudebant:
913 772 1012 809 inter
1028 771 1098 810 hos
1121 773 1156 810 Sc
1169 772 1357 811 Sarmatas
1374 770 1602 819 intercepti;

313 848 358 878 ut
390 835 525 878 Silefiae
550 834 816 882 Moraviaeque
843 841 992 882 partem
1024 831 1207 870 habitasse
1241 841 1447 882 appareat3
1485 830 1605 872 Buriis

314 900 431 939 etiam
464 899 514 938 ad
546 895 733 936 vistulam
763 895 923 934 fluvium
947 894 1243 942 pertinentibus.

370 961 467 1002 XX.
499 961 553 1005 ,At
581 959 665 1010 post
695 957 767 996 hos
801 955 1007 1007 Lygiorum
1035 953 1165 992 multae
1194 954 1366 994 civitates
1394 955 1444 994 ad
1468 954 1609 994 Danu-

315 1018 426 1058 bium
442 1046 453 1064 ‚
478 1031 553 1066 qua
576 1032 681 1054 nunc
699 1018 850 1055 Austriae
869 1016 1150 1065 Hungariaeque
1175 1025 1287 1055 trans
1303 1027 1456 1055 amnem
1481 1023 1609 1066 partes

316 1078 560 1125 incoluntur,
585 1076 661 1115 late
691 1086 908 1115 tenuerunt.
940 1079 1071 1125 Arios,
1099 1077 1360 1126 Helveconas‚
1383 1079 1608 1125 Manimos,

318 1142 487 1194 Elysios,
515 1138 769 1180 Naharuabos
801 1149 908 1176 vetus
943 1148 1030 1176 aetas
1055 1139 1289 1187 appellavit,
1323 1139 1480 1190 sequens
1509 1139 1609 1179 obli-

322 1217 363 1245 ta
389 1204 453 1244 est.
487 1201 711 1243 Gothonum
735 1200 866 1248 sedes,
895 1213 988 1251 quos
1017 1202 1050 1239 &c
1076 1199 1265 1239 Guttones
1298 1202 1491 1251 scribunt,
1527 1203 1610 1241 suc.

323 1269 454 1307 einum
479 1265 666 1312 ostendit,
685 1265 789 1314 quod
816 1271 962 1302 tantum
978 1262 1199 1303 Ruthenico
1227 1261 1335 1301 litore
1357 1261 1508 1311 legitur.
1537 1262 1610 1304 hos

279 1354 296 1378 v,
324 1327 508 1369 Vandalis
539 1325 734 1376 adscripsit
762 1325 928 1365 Plinius:
961 1325 1172 1374 Rugiorum
1214 1324 1335 1364 insula
1378 1324 1482 1365 sedes
1515 1326 1612 1367 anti.

324 1402 418 1442 quas
446 1390 527 1437 ejus
562 1386 696 1438 populi
733 1388 892 1425 nomine
922 1385 1114 1424 nihildum
1148 1395 1296 1424 mutato
1326 1383 1413 1424 satis
1443 1386 1613 1424 demon-

325 1453 425 1492 strat.
457 1450 527 1491 His
554 1450 642 1500 quia
669 1448 822 1487 finitimi
858 1448 1015 1486 fuerunt
1044 1446 1245 1494 Lemovii,
1274 1446 1505 1486 Pomeraniae
1533 1445 1616 1486 cul-

327 1524 430 1555 tores
458 1512 595 1561 fuisse,
624 1525 701 1551 non
733 1512 928 1550 immerito
961 1512 1044 1561 quis
1070 1509 1283 1548 arbitretur.
1308 1511 1508 1550 Extremos
1526 1513 1617 1552 Sue.

328 1589 466 1617 vorum
488 1575 529 1614 in
555 1573 636 1625 ipso
661 1574 819 1614 Oceano
853 1573 980 1612 statuit
1011 1572 1174 1613 Suionas
1199 1572 1356 1611 Tacitus
1373 1599 1384 1619 ,
1415 1573 1617 1611 Sitonum-

327 1651 402 1690 que
427 1644 582 1689 gentes,
606 1647 771 1685 quorum
792 1633 847 1673 illi
870 1647 1013 1673 nornen
1038 1642 1150 1684 atque
1177 1635 1390 1683 potentiam
1415 1635 1615 1684 antiquam

328 1699 524 1750 hodieque
545 1697 734 1736 retinent:
770 1695 941 1735 sermone
965 1696 1078 1734 etiam
1094 1727 1104 1742 ‚
1134 1696 1220 1745 quia
1243 1707 1438 1744 penetrare
1465 1708 1511 1733 eo
1539 1696 1614 1735 Ro.

329 1763 435 1803 mani
457 1760 597 1810 aliique
619 1759 767 1798 externi
789 1772 867 1797 non
889 1768 1096 1808 potuerunt
1111 1790 1123 1804 ,
1153 1760 1310 1808 propius
1335 1758 1542 1798 accedente
1566 1759 1617 1798 ad

330 1835 525 1872 veterem,
553 1833 596 1861 ut
624 1835 670 1861 ex
699 1822 963 1872 antiquissimis
989 1822 1254 1860 monumentis
1282 1809 1520 1861 Germanicae
1544 1821 1618 1861 lin.

335 1901 415 1941 guae
443 1895 547 1925 certo
571 1885 826 1936 cognoscitur.

388 1950 502 1992 XXI.
539 1949 688 1988 Sitonas
720 1949 954 1999 Norvegiam
993 1946 1194 1997 possedisse
1231 1954 1482 1997 argumento,
1512 1946 1619 1996 quod

336 2013 530 2054 Suionibus
545 2011 678 2062 firm'les
699 2012 918 2063 contiguique
944 2010 1165 2056 traduntur3
1199 2021 1243 2047 ac
1269 2010 1371 2058 apud
1400 2021 1464 2047 eos
1494 2008 1620 2047 videa.

336 2084 398 2114 tur
418 2081 529 2114 aetate
544 2071 670 2111 Taciti
690 2071 857 2121 regnasse
881 2071 982 2110 soror
1008 2069 1219 2110 Hasmundi
1235 2100 1244 2114 ‚
1272 2071 1395 2108 minor
1418 2071 1528 2108 annis
1551 2071 1624 2107 fra-

337 2144 417 2184 tre,
443 2134 508 2174 sed
539 2135 700 2173 audacia
725 2132 904 2183 superior.
937 2144 1007 2171 nec
1042 2131 1163 2170 multo
1192 2131 1273 2181 post
1301 2130 1418 2171 Sticla
1448 2133 1481 2169 ἃ
1510 2130 1622 2171 Rusl'a

339 2199 528 2250 virgines,
560 2209 648 2236 cum
680 2197 841 2237 Trondo
863 2196 976 2235 fratre
1011 2195 1218 2235 diutissime
1243 2195 1291 2233 dc
1318 2207 1433 2245 regno
1456 2205 1624 2232 certave-

342 2269 443 2301 runt.
474 2260 563 2310 Qua
587 2268 717 2298 tamen
746 2271 785 2296 re
809 2258 984 2308 distingui
1005 2271 1025 2297 a
1052 2257 1259 2298 Suionibus
1284 2270 1361 2295 non
1387 2256 1622 2296 debuerunt:

350 2379 669 2464 ¹¹5¹?Rz'ilnX.n}1'a‹:²it.
695 2379 808 2413 Germ.
830 2390 858 2412 c.
884 2387 940 2419 42.
967 2378 1114 2411 Altham.
1140 2376 1161 2422 §
1188 2377 1262 2411 XX.
1283 2375 1393 2410 Tacit.
1415 2376 1557 2409 Ptolem.
1583 2385 1626 2416 2,

393 2448 401 2460 .
504 2449 512 2458 .
535 2447 552 2469 ‚
589 2449 599 2466 ‚
639 2445 651 2459 ι
