1675 2959
294 117 386 164 m
430 118 596 187 too.
644 119 772 166 Lm.
819 120 903 166 cv
949 122 1090 169 mv,
1276 85 1363 187 213

85 222 135 262 lis
158 221 252 262 nihil
273 237 433 276 arrogare
455 225 571 262 debere
590 223 628 262 in
652 225 852 265 Germania.
879 226 974 266 Inde
996 226 1124 267 causas
1145 227 1210 267 fibi
1227 229 1370 270 struens

86 284 316 335 Caesar‚''per
342 297 433 335 quas
451 284 630 326 Rhenum
654 286 925 328 transmitteret
947 288 1156 342 (cupiebat
1178 290 1280 330 enim
1303 304 1373 330 ne·

84 347 180 385 mini
204 347 465 386 Romanorum
489 356 640 388 tentatae
668 349 719 387 rei
744 348 904 399 gloriam
927 350 1113 404 adipisci)
1139 349 1276 392 lubens
1302 365 1369 392 au-

84 409 184 448 divit
214 409 402 450 Ubiorum
431 418 626 459 oratores,
656 412 722 462 qui
749 413 915 466 adversus
938 414 1075 451 Suevos
1109 413 1368 465 implorabant

80 483 164 523 opes
205 470 351 523 Caefaris
369 500 380 519 ,
416 472 637 523 Rhenumque
664 471 842 524 trajec‘luro
869 487 1029 525 magnam
1058 476 1202 513 navium
1228 477 1366 528 copiam

82 529 377 580 pollicebantur.
409 531 530 571 Caesar
558 541 676 582 ponte
715 533 922 583 transgredi
965 534 1118 574 maluit:
1155 549 1232 586 quo
1267 536 1367 577 intra

82 591 165 629 dies
189 592 324 633 decem
349 592 510 640 effeetm
533 593 699 632 traduxit
717 595 930 632 exercitum
945 625 957 641 ,
975 598 1009 635 Sc
1032 597 1246 645 proximam
1273 597 1367 637 Ger-

81 654 219 693 maniae
247 662 393 705 partem
419 654 561 693 vastare
592 654 720 704 coepit.
756 656 832 695 Sed
860 656 925 695 ubi
951 657 987 696 se
1007 658 1192 708 Sigambri
1217 660 1256 696 in
1280 658 1370 698 loca

80 715 268 765 impedita
293 724 541 766 receperunt,
568 716 780 766 Suevique,
796 717 912 756 missis
934 720 1234 769 quaquaversum
1263 733 1368 770 nun-

80 776 161 825 tiis,
188 790 324 827 cogere
348 778 559 817 exercitum
583 778 883 827 nuntiabantur,
906 780 1025 820 Caesar
1045 781 1132 820 satis
1150 784 1186 821 ἃ
1211 783 1259 821 ad
1279 782 1364 821 lau-

81 839 197 886 dem,
225 842 261 879 δε
297 841 347 879 ad
378 839 580 880 utilitatem
618 840 833 890 profectum
881 842 1105 893 arbitratus,
1139 846 1293 885 reduxit
1323 847 1366 886 in

83 899 405 952 Galliam¹copias
420 931 431 949 ‚
454 910 691 951 pontemque
711 901 891 951 rescidit,
918 904 1001 943 dies
1030 907 1189 945 omnino
1209 908 1367 947 duode-

79 962 214 1012 viginti
242 970 344 1002 trans
372 962 552 1004 Rhenum
580 972 853 1005 commoratus.
1345 1002 1348 1005 ,

133 1024 208 1063 LV.
239 1024 360 1073 Inde,
387 1037 477 1064 cum
498 1025 635 1076 exigua
662 1039 749 1076 pars
773 1027 907 1067 aestatis
928 1027 1151 1078 supereffet,
1168 1026 1296 1074 'etiam
1319 1031 1364 1070 in

77 1082 315 1123 Britanniam
344 1084 548 1134 navigandi
574 1085 677 1135 cepit
709 1086 922 1136 impetum,
949 1095 990 1125 ut
1014 1087 1199 1135 insulam,
1234 1102 1284 1127 ne
1310 1089 1363 1127 vi-

78 1145 171 1183 cinis
198 1146 354 1196 quidem
380 1147 596 1196 cognitam,
622 1148 768 1187 adiret:
796 1149 911 1198 quod·
925 1162 1040 1188 nemo
1064 1149 1191 1189 adhuc
1217 1150 1365 1190 Roma-

77 1220 215 1246 norum
242 1207 396 1247 fecerat.
420 1208 592 1258 Tempus
620 1209 669 1248 ad
689 1210 815 1259 exigui
844 1210 956 1249 maris
981 1210 1195 1257 transitum,
1219 1223 1364 1262 cogno-

77 1271 310 1321 scendosque
328 1272 594 1311 Britannorum
609 1274 758 1313 animos
769 1303 779 1319 ,
794 1273 1019 1313 sufficiebat.
1041 1274 1142 1314 idem
1157 1274 1362 1316 obtentum

76 1331 276 1383 praestabat
303 1331 406 1371 bello
439 1332 574 1371 omiss'o
596 1333 808 1381 redeundi,
837 1333 861 1372 fi
889 1334 1084 1374 difficilius
1115 1335 1179 1385 spe
1201 1335 1266 1375 sua
1292 1349 1358 1375 ne-

76 1393 225 1442 gotium
250 1393 452 1443 repetisset.
486 1394 585 1434 Nam
608 1394 655 1432 ad
680 1394 720 1432 id
747 1403 898 1444 tempus
924 1396 1022 1435 adeo
1055 1397 1192 1435 Graecis
1218 1397 1357 1436 Roma-

46 1489 50 1497 ,
76 1453 208 1504 nisque
238 1455 369 1504 ignota
396 1455 522 1493 suerat
549 1455 766 1503 Britannia,
789 1464 832 1495 ut
853 1454 918 1495 alii
949 1457 1226 1506 magnitudinis
1250 1471 1358 1509 argu·

75 1524 209 1553 mento
233 1516 461 1559 continentem
470 1516 540 1568 *effe
555 1516 749 1564 dicerent,
777 1517 964 1567 opinione
986 1515 1059 1557 hac
1080 1517 1197 1568 usque
1217 1520 1266 1558 ad
1290 1521 1360 1559 im-

76 1577 225 1625 perium
248 1575 460 1625 Vespasiani
487 1577 685 1617 obtinente
698 1592 713 1625 3>
737 1578 961 1621 vetustiores
986 1592 1129 1618 nomen
1159 1590 1272 1630 atque
1301 1581 1358 1622 fa..

74 1637 203 1679 hulam
229 1638 304 1677 sine
329 1651 393 1686 re,
415 1640 602 1690 quidquid
631 1641 679 1680 de
702 1639 768 1680 illa
795 1641 985 1680 diceretur
1001 1672 1012 1689 ,
1041 1643 1311 1683 existimarent.

129 1698 224 1738 LVI.
254 1699 358 1738 Dum
383 1713 498 1740 naves
529 1710 782 1752 apparantur,
807 1702 1051 1742 Morinorum
1078 1702 1191 1753 legati
1214 1706 1358 1744 deden-

77 1760 132 1799 dae
160 1761 287 1810 gentis,
308 1774 397 1812 ergo
418 1772 614 1802 venerunt.
648 1764 805 1804 Gratum
832 1764 871 1803 id
899 1764 1034 1805 Caesari
1060 1764 1161 1811 fuit,
1187 1766 1290 1815 quod
1315 1767 1357 1806 in

74 1819 191 1872 alium
220 1820 325 1860 velut
349 1823 482 1872 Qbem
509 1824 734 1872 transituro,
772 1825 899 1866 nullus
923 1839 944 1865 a
974 1835 1080 1877 tergo
1106 1827 1222 1866 hostis
1244 1827 1358 1866 relin-

75 1881 276 1932 quebatur.
307 1883 426 1933 Igitur
447 1885 630 1934 praenniso
662 1887 711 1925 ad
740 1886 1015 1937 speculandum
1047 1900 1139 1929 cum
1164 1902 1239 1928 una
1258 1903 1361 1930 nave

75 1944 118 1984 C.
144 1943 366 1994 Voluseno,
401 1959 490 1986 cum
524 1949 684 1988 navibus
721 1950 813 1989 duas
849 1952 1008 1991 omnino
1033 1951 1203 2002 legiones
1230 1952 1357 2003 impo-

73 2005 222 2054 suisset,
253 2008 385 2057 paucis
414 2007 519 2047 horis
547 2009 781 2049 Britanniam
812 2013 960 2062 attigit,
998 2013 1172 2063 peditatu
1204 2022 1363 2054 tantum-

74 2067 255 2118 stipatu33
283 2069 388 2119 quod*
419 2071 565 2121 equites
594 2071 669 2111 alio
696 2071 784 2112 loco
819 2073 1077 2119 conscendere
1109 2075 1195 2124 juss]
1224 2076 1359 2116 tarda-

74 2141 217 2172 verant.
247 2133 416 2179 Britanni
444 2147 676 2184 quamquam
692 2165 704 2183 ,
733 2135 885 2175 Caesaris
907 2137 1151 2187 expeditione
1175 2139 1362 2188 cognita·²

73 2192 220 2243 legatos
248 2195 288 2233 in
317 2195 479 2236 Galliam
508 2196 710 2245 miserant,
745 2197 971 2248 obsequium
1002 2200 1038 2238 ἂ
1065 2198 1213 2238 obfides
1244 2199 1358 2249 polli-

75 2256 166 2302 citi3
197 2263 327 2295 tamen
353 2257 568 2308 frequentes
595 2259 755 2306 armati,
782 2260 831 2303 ad
860 2259 1146 2310 prohibendum
1161 2251 1355 2301 exstensa

78 2316 265 2367 militem,
291 2321 597 2371 opperiebantur.
631 2323 667 2361 δε
693 2321 769 2361 loci
798 2322 885 2363 situs
910 2322 977 2361 ille
1005 2330 1104 2370 erat,
1131 2331 1175 2360 ut
1198 2322 1360 2371 angusto

126 2427 147 2471 g
174 2428 259 2464 [iv.
282 2429 463 2468 modom.
489 2432 520 2467 6.
540 2432 622 2467 εκεῖ
644 2432 719 2466 tia-2
745 2434 836 2479 Epa.
862 2433 883 2478 ς.
910 2414 1144 2466 [νζυιοᾱοῐ.
1169 2433 1253 2465 cas,
1273 2434 1364 2469 mr,

1032 2489 1075 2530 Ο
1120 2507 1132 2521 ³

1121 2523 1132 2546 Ἰ
