1675 2959
264 112 565 164 INLOC.
617 111 763 156 LIB.
800 111 930 157 CXII
969 111 1120 159 LIV.
1266 129 1353 177 391

73 220 139 271 qui
163 221 315 261 Caesaris
338 219 541 260 clementia
560 218 679 258 fidere
702 225 905 269 poterant,
927 218 1050 257 ubivis
1073 217 1246 256 locorum
1269 218 1359 258 sub-

72 283 247 322 sistebant
260 284 409 330 ,donec
430 294 495 332 per
509 282 789 331 deprecatores,
805 280 897 329 quid
914 279 993 319 fieri
1016 277 1080 317 ille
1095 278 1231 324 vellet,
1249 290 1356 318 com-

70 346 300 394 perirentur:
326 344 462 392 ceteri,
482 342 620 394 quibus
638 343 755 382 nimia
777 341 867 381 odia
881 340 1069 392 quidlibet
1083 339 1221 384 tutius,
1237 353 1354 389 quam

73 406 223 447 Caesaris
245 407 444 446 arbitrium
459 437 470 454 ,
494 406 688 453 fecerant,
706 403 868 443 ubilibet
894 412 1077 443 terrarum
1103 400 1356 440 rebellionem

70 468 364 507 meditabantur.
391 468 439 517 Q.
461 467 596 508 Cicero
623 466 747 514 filius,-
767 479 856 505 cum
884 465 1048 516 Corcyra
1073 462 1357 509 discederetur,

71 528 197 568 Patras
212 530 338 577 venit,
355 529 420 568 ubi
436 537 541 579 pater
557 530 638 577 ejus
661 536 743 566 tum
759 526 918 577 agebat:
943 527 1006 578 qui
1025 539 1099 566 una
1120 537 1208 585 cum
1226 522 1360 563 multis

72 588 154 627 aliis
181 588 417 629 senatoribus
451 589 498 629 ad
531 588 681 628 Fufium
707 587 893 628 Calenum
920 589 956 627 se
978 587 1168 636 contulit,
1198 600 1312 637 quem
1333 600 1358 627 a

73 648 216 689 Caesare
247 649 394 688 missum
421 648 531 689 fuisse
560 649 598 687 in
618 648 804 698 Achajam
836 650 1095 700 praediximus.
1133 649 1190 688 Ex
1217 661 1262 687 eo
1283 662 1358 687 nu·-

72 723 179 750 mero
203 712 280 751 Ser.
305 711 522 761 Sulpicius,
550 713 591 750 A.
622 711 864 761 Torquatus,
891 711 948 751 M.
974 709 1179 751 Marcellus
1200 708 1360 749 Athenis

71 771 341 816 substiterunt:
378 775 415 812 in
455 774 677 826 Bithyniam
709 774 746 813 se
783 775 829 815 T.
864 774 1037 815 Antistius
1069 773 1118 811 ad
1155 771 1358 811 hominem

70 833 299 874 familiarem
332 837 372 876 A.
392 836 587 878 Plancium
612 838 782 886 recepit3
817 835 1019 886 pluresque
1044 835 1107 874 alii
1136 847 1203 885 per
1233 834 1356 873 diver-

72 894 128 935 sas
154 897 244 939 Afiae
268 899 485 948 provincias
509 900 664 938 victoris
693 899 941 938 clementiam
966 898 1246 949 exspectarunt.

137 960 220 999 Vll.
254 963 374 1011 Atque
412 962 472 1001 his
503 962 682 1001 omnibus
717 962 824 1000 ocius
858 961 998 1009 serius,
1031 969 1073 999 ut
1102 960 1242 1010 cuique
1277 957 1358 997 sors

70 1018 167 1067 fuit,
198 1021 344 1071 ignovit
371 1021 513 1070 Caesar,
541 1023 782 1072 quorundam
804 1024 919 1061 etiam
936 1034 1052 1072 opera
1070 1020 1251 1069 deinceps
1267 1019 1360 1058 usus

71 1082 149 1130 est,
179 1085 489 1135 magistratusque
514 1086 558 1125 iis
590 1088 626 1125 &
655 1087 870 1137 provincias
907 1086 1029 1125 dedit.
1059 1086 1108 1124 At
1133 1083 1272 1134 quibus
1300 1096 1359 1122 re-

71 1156 214 1183 novare
258 1145 403 1186 bellum
444 1146 614 1197 placuit,
647 1149 786 1198 partim
825 1150 865 1187 in
896 1148 977 1198 ipso
1015 1153 1155 1185 conatu
1185 1145 1359 1185 exstincti

69 1206 178 1256 sunt3
213 1209 384 1260 plerique
414 1212 453 1250 in
481 1212 649 1251 Africam
677 1212 713 1251 se
739 1211 998 1251 contuierunt.
1033 1211 1260 1261 Pompejus,
1295 1210 1357 1248 uti

71 1270 259 1318 diximus,
283 1286 304 1311 e
331 1274 456 1312 castris
486 1273 562 1313 suis
589 1288 687 1325 equo
714 1275 893 1325 fugiens,
926 1273 1130 1321 Larissam,
1166 1273 1259 1310 inde
1286 1285 1360 1322 per>

72 1332 285 1373 Theffalica
300 1335 472 1384 Tempe,
492 1337 605 1374 etiam
627 1349 694 1388 per
707 1338 860 1376 noc‘tem
881 1336 1103 1375 continuato
1122 1333 1252 1383 cursu,
1265 1347 1360 1373 cum

75 1395 263 1443 equitibus
295 1396 450 1446 triginta
477 1397 526 1435 ad
558 1411 662 1437 mare
689 1399 805 1436 venit.
841 1397 899 1443 roi
934 1396 1140 1435 conscenso
1174 1410 1290 1446 parvo
1317 1400 1356 1437 δε

71 1456 246 1497 fluviatili
270 1459 421 1509 navigio
440 1489 451 1506 ,
471 1459 631 1509 paulum
657 1462 882 1510 provectus,
909 1460 948 1498 in
973 1460 1067 1499 ostio
1095 1459 1209 1498 Penei
1230 1458 1356 1497 amnis

72 1522 284 1560 onerariam
308 1521 515 1571 conspexi—t
535 1522 877 1573 praetervehentem
892 1552 904 1570 ,
937 1520 1200 1572 agnitusquea
1226 1521 1360 1559 domi-

71 1593 123 1619 no
149 1584 276 1631 navis,
306 1592 390 1622 tum
413 1584 583 1623 maxime
610 1583 799 1622 somnium
821 1584 930 1623 suurn
958 1592 1173 1634 exponente
1195 1583 1366 1622 vectori*

73 1643 168 1697 bus,
198 1645 392 1696 susceptus
416 1647 480 1685 est.
509 1647 665 1697 Quippe
683 1660 748 1696 per
775 1648 967 1699 quietem,
990 1647 1215 1696 Pompejum
1240 1645 1371 1696 longe-

73 1706 239 1757 dispari,
272 1723 387 1759 quarn
411 1709 484 1749 effe
506 1709 776 1758 consueverat,
807 1709 937 1756 cultu,
961 1721 1077 1760 opem
1102 1707 1208 1746 suam
1236 1721 1359 1758 expo.

74 1767 243 1807 scentem
271 1770 429 1809 viderat.

125 1831 231 1871 VIII.
258 1831 596 1872 Transcenderunt
615 1844 704 1870 curn
731 1844 777 1871 eo
803 1831 845 1871 L.
871 1830 1079 1879 Lentulus,
1102 1830 1167 1881 qui
1191 1830 1367 1881 superio..

73 1904 113 1931 re
136 1906 237 1931 anno
266 1892 397 1932 consul
430 1892 581 1941 fuerat,
611 1895 647 1932 ἃ
675 1894 712 1933 Ρ.
745 1892 927 1933 Lentulus
962 1892 1193 1939 consularis,
1230 1894 1266 1932 ἃ
1298 1892 1371 1938 Μαι

72 1954 263 1994 Favonius
284 1956 495 2005 praetorius.
522 1956 665 1994 deinde
681 1958 716 1995 ὁὶ
741 1968 869 2006 regem
882 1955 1107 2005 Dejotarum
1121 1986 1134 2002 ‚
1151 1967 1249 2004 equo
1270 1966 1360 2004 pro..

71 2025 269 2066 perantem
290 2018 339 2056 ad
365 2017 456 2057 litus
481 2017 720 2068 conspicati,
744 2030 933 2068 recepere.
958 2017 1052 2056 Inde
1071 2029 1139 2067 per
1159 2015 1363 2057 Thermai*

73 2089 163 2116 cum
190 2078 337 2124 smum,
362 2080 397 2117 ἃ
424 2078 608 2128 deinceps
632 2088 766 2128 praeter
782 2077 1055 2118 Macedoniam
1069 2077 1190 2125 vecti,
1205 2076 1255 2116 ad
1270 2077 1361 2116 Ani-

73 2138 266 2189 phipolim
294 2141 470 2192 jecerunt
497 2151 704 2181 ancoram:
741 2153 856 2190 quam
882 2140 930 2178 ad
949 2139 1084 2179 urbem
1111 2139 1238 2178 edieto
1263 2150 1361 2177 con-

73 2202 203 2241 venire
233 2202 402 2251 juniores
429 2202 580 2242 Graecos
608 2201 786 2253 civesque
811 2202 1007 2243 Romanos
1033 2200 1213 2251 jusserat,
1241 2213 1362 2251 repa-

120 2332 142 2377 5
166 2335 228 2367 VI.
259 2335 332 2369 Cic.
349 2336 389 2367 ad
412 2336 640 2378 Attic.11,6
663 2336 698 2370 &
722 2337 904 2373 15.1dem
929 2335 1085 2369 familiar.
1106 2334 1147 2375 6,
1174 2345 1203 2367 1.
1226 2333 1251 2378 5
1272 2333 1355 2370 VH

77 2378 151 2409 (ις.
175 2377 328 2411 familiar.
361 2379 402 2420 6,
426 2391 456 2419 ς.
489 2381 578 2413 Flor.
600 2393 644 2425 4,
671 2394 701 2415 1.
730 2381 816 2416 Caes.
845 2381 936 2415 Plut.
962 2381 1002 2413 in.
1021 2380 1136 2422 Pomp.
1158 2390 1188 2414 c·
1210 2389 1265 2412 20.
1283 2379 1365 2422 Apa

75 2424 164 2467 ᾰιιιι
197 2424 290 2456 cixil.
313 2426 334 2457 ¹.
356 2435 388 2458 2.
413 2423 515 2458 Oros
539 2426 663 2466 6,15
1000 2468 1129 2527 Bb4
