1675 2959
271 160 354 207 rN
401 158 578 206 Loc,
620 157 762 203 ΜΒ.
801 155 904 202 cin
956 155 1108 202 ων.
1271 172 1363 227 109·

80 261 200 302 cervis
236 264 271 301 ἃ
297 262 502 309 leonibus,
533 263 568 301 Sc
608 262 733 312 pomis
766 261 891 301 omnis
926 263 1095 313 generis,
1121 262 1360 307 circumdata

79 325 158 365 vite
185 337 319 372 aurea,
346 322 553 363 Aristobuli
579 324 736 364 donum.
897 322 900 329 '

134 388 271 428 XLVI.
301 387 479 428 Museum
504 400 553 426 ex
579 389 813 438 margaritis,
838 390 879 427 in
902 390 1011 438 cujus
1037 388 1182 440 fastigio
1207 390 1363 429 horolo-

81 450 185 500 gium
209 456 300 488 erat.
326 448 465 499 imago
490 448 558 488 Cn.
578 448 750 499 Pompeji
772 462 792 487 c
809 451 1035 500 margaritis.
1061 448 1182 490 Tituli
1209 465 1365 503 quoque

77 509 377 561 praeferebantur
398 511 571 560 pecuniae
585 541 596 558 ,
614 522 727 560 quarn
749 512 990 561 impenderat
1005 525 1014 551 ε
1031 513 1222 565 reipublicae
1235 515 1367 568 ⁶⁴⁷²‘fi12

75 573 203 626 legatis
218 573 252 611 ὃ)
273 573 488 625 quaestoribus
498 603 511 619 ,
531 573 589 625 qui
612 587 694 611 oms
720 574 827 611 maris
854 573 1080 626 defi-ndiſjknt
1097 605 1108 623 ,
1128 576 1246 613 datum
1271 578 1366 616 mille

78 632 268 680 meatim,
301 634 469 671 militibus
494 632 647 685 singulis
673 634 761 685 sena
786 633 899 671 millia
917 635 1154 686 fiflertiortcm.
1187 636 1274 676 Erat
1298 639 1368 676 ad-

76 691 289 743 scriptum,
325 694 506 746 universos
534 694 658 747 populi
690 695 845 731 Romani
876 695 1007 732 reditus
1036 708 1142 734 antea
1166 696 1273 749 futſje
1311 699 1368 736 his

79 755 231 796 millies.-
255 771 346 797 nunc
362 757 444 810 fitis
466 757 618 795 vicloriis
644 756 844 808 Pompejum
868 757 1026 809 adjeciffi‘
1047 759 1175 796 millies
1195 762 1367 812 quadrin-

77 819 220 871 genties.
247 819 384 858 Praeter
410 819 491 858 haec
517 816 698 858 translata
721 819 773 856 est
793 817 1029 857 Mithridatis
1055 821 1152 870 regis
1182 821 1367 872 dactylio-

80 880 218 929 theca,
240 894 354 933 quam
379 894 470 920 mox
501 881 696 919 dedicavit
717 880 756 917 in
779 879 998 928 Capitolio,
1027 893 1116 921 curn
1140 882 1226 932 illa,
1252 898 1369 935 quam

82 944 202 983 modo
229 944 419 992 diximus,
445 955 557 982 aurea
583 941 685 989 vite,
711 940 868 990 aliisque
896 942 1023 981 donis.
1296 968 1299 969 ν

136 1000 291 1040 XLVII.
322 1001 446 1039 Naves
472 1000 511 1037 in
533 1008 690 1049 portum
713 999 874 1039 adduxit
903 1002 1068 1054 integras
1097 1004 1367 1057 septingentas.

85 1062 307 1104 Transvexit
335 1063 369 1101 ἃ
395 1061 525 1101 sellam
549 1074 592 1100 ac
618 1061 807 1112 sceptrum
843 1063 1108 1116 Mithridatis,
1136 1081 1223 1108 cum
1247 1072 1373 1122 effigie

80 1124 182 1163 illius
205 1135 316 1163 aurea
342 1125 562 1163 cubitorum
583 1125 691 1171 octo,
715 1136 948 1174 quamquam
971 1138 1051 1164 non
1078 1134 1200 1176 totus,
1220 1128 1283 1168 sed
1305 1144 1371 1181 pe„

86 1188 191 1225 &tore
226 1193 336 1224 tenus
371 1183 563 1234 expreffus
597 1192 677 1223 erat
707 1197 716 1222 :
749 1187 922 1234 itemque
961 1186 1119 1226 statuam
1148 1200 1370 1239 argenteam

84 1246 317 1292 Pharnacis,
350 1246 412 1295 qui
443 1246 586 1295 primus
615 1246 786 1296 regnavit
817 1247 856 1285 in
880 1247 1031 1288 Ponto:
1071 1251 1273 1301 currusque
1305 1267 1372 1293 au-

83 1320 168 1346 reos
203 1310 238 1347 δι
273 1318 484 1358 argenteos.
537 1307 727 1347 Arborum
761 1309 875 1347 etiam
908 1323 1043 1360 genera
1079 1320 1161 1351 tuni
1201 1316 1372 1364 primum

84 1369 228 1409 ostensa
256 1369 411 1417 Romae,
438 1368 605 1415 ebenus,
636 1382 748 1419 quarn
773 1370 850 1409 sola
879 1371 975 1409 ferre
998 1372 1201 1421 putabatur
1235 1374 1339 1415 India
1357 1390 1371 1416 ε

87 1434 123 1472 ἃ
144 1434 209 1471 uni
233 1432 426 1482 quondam
453 1441 634 1471 terrarum
661 1432 803 1481 Judaeae
830 1434 1023 1482 concessa,
1049 1434 1272 1476 balsamum.
1308 1439 1370 1479 In-

84 1502 141 1535 ter
166 1495 247 1534 haec
272 1496 459 1534 innumeri
487 1507 617 1534 currus
650 1494 990 1534 transvehebantur
1014 1509 1118 1536 arma
1149 1509 1372 1553 portantes,

90 1559 127 1597 &
156 1556 309 1595 navium
344 1557 469 1596 rostra.
513 1555 763 1606 Captivorum
797 1557 939 1595 deinde
970 1558 1105 1608 ingens
1134 1560 1371 1613 multitudo,

86 1618 164 1658 sine
192 1618 377 1667 vinculis,
406 1619 530 1669 patrio
564 1617 700 1657 habitu
732 1617 928 1668 cultuque.

141 1678 317 1719 XLVIII.
341 1679 520 1719 Proxime
550 1692 703 1718 currum
728 1692 834 1729 reges
857 1689 922 1718 aut
943 1678 1055 1721 liberi
1080 1695 1212 1733 regum
1238 1686 1371 1726 duces-

85 1752 160 1789 que
190 1739 320 1788 ibant,
353 1741 455 1791 capti
481 1739 608 1787 bello,
639 1750 705 1779 aut
726 1740 903 1780 obfidum
927 1741 1015 1781 loco
1039 1745 1179 1784 traditi.
1219 1748 1371 1790 Horum

85 1800 316 1840 illustrissimi
341 1801 525 1852 Tigranes
562 1803 717 1850 minor,
756 1802 912 1852 ejusque
951 1807 1095 1853 conjux
1133 1809 1168 1845 δι
1195 1808 1304 1858 filia,
1334 1814 1373 1850 ὅς

84 1861 215 1910 regina
239 1861 412 1910 Zofime,
449 1863 564 1912 patris
597 1862 771 1912 Tigranis
801 1876 916 1904 uxor:
955 1870 990 1905 ἂ
1018 1868 1271 1917 Artapliernes
1298 1874 1372 1925 Cy·-

86 1922 247 1972 msque,
284 1925 320 1962 ὃς
350 1922 562 1972 Oxathres,
606 1926 642 1964 Sc
675 1937 763 1963 cum
792 1924 910 1965 Dario
943 1928 1092 1967 Xerxes
1113 1960 1122 1976 .
1154 1931 1376 1984 sororesque

89 1997 223 2023 eorum
241 1984 434 2025 Orsabaris
457 1989 490 2026 Sc
509 1986 698 2037 Eupatra,
727 1987 964 2027 Mithridatis
986 1989 1109 2031 liberi.
1143 1994 1218 2032 Sed
1247 1998 1281 2034 ἅ
1305 1997 1377 2036 Ol.

88 2047 225 2087 thaces
251 2048 490 2096 ducebatur,
520 2049 583 2099 qui
608 2050 648 2088 in
677 2049 834 2089 Colchis
866 2062 1114 2100 regnaverat:
1149 2056 1183 2093 ὃς
1212 2056 1374 2103 Judaeo-

89 2122 174 2150 rum
202 2123 269 2150 rex
300 2111 533 2150 Aristobulus
560 2124 648 2152 cum
672 2113 868 2162 Antigono
898 2113 1005 2160 filio,
1043 2117 1078 2154 ἃ
1104 2117 1241 2166 puellis
1271 2120 1374 2159 dua-

90 2173 174 2213 bus.
206 2181 386 2224 praeterea
415 2174 578 2215 Cilicum
607 2177 756 2226 tyranni
789 2179 824 2217 &
851 2177 1112 2229 archipiratae:
1143 2182 1374 2233 Scytharum

89 2236 202 2286 regiae
238 2235 442 2276 mulieres:
477 2245 550 2277 tres
583 2237 810 2288 Iberorum‚
844 2240 921 2280 duo
954 2240 1190 2282 Albanorum
1227 2245 1375 2296 duces,

138 2348 160 2390 5
184 2348 288 2382 XLV.
307 2350 450 2382 Diodor.
470 2352 492 2384 1.
512 2360 563 2394 37.
583 2351 661 2383 Liv.
678 2353 769 2397 Epir.
788 2353 864 2389 Liv.
886 2364 940 2395 30,
958 2365 1012 2394 45.
1035 2355 1177 2399 Eutrop.
1200 2356 1284 2389 Plin.
1307 2365 1375 2399 373

101 2401 131 2422 r.
156 2392 301 2434 Appian.
327 2395 483 2427 Mithrid.
511 2395 648 2439 Joseph.
674 2409 735 2437 14,
758 2409 789 2436 4.
826 2398 847 2440 S
874 2399 995 2432 XLVI.
1020 2399 1107 2432 Plut.
1136 2402 1242 2432 Sti-ab.
1266 2403 1289 2433 1.
1319 2412 1372 2434 12.

93 2435 179 2523 ilai-jan]-
208 2446 286 2514 Ha}
304 2451 337 2472 ι.
359 2438 497 2486 Joseph.
518 2442 665 2487 Appian.
697 2441 720 2487 §
748 2434 887 2481 XLVH.
916 2438 1002 2478 Plin.
1036 2454 1092 2485 12,
1115 2457 1136 2485 4
1156 2445 1189 2478 δι
1213 2456 1268 2488 25.
1291 2447 1368 2489 Αχιψ1
