1675 2959
319 115 399 160 IN
448 113 614 160 roc.
661 114 795 159 tra.
845 114 933 160 cx
989 116 1125 162 mv,
1300 137 1384 182 343

105 215 397 267 percrebuerat,
424 216 563 256 multos
584 230 716 256 aurum
740 227 1035 269 argentumque,
1058 233 1106 258 ne
1136 221 1393 263 creditoribus

104 276 294 318 solverent
316 310 330 326 ,
359 278 613 329 supprimere3
642 278 781 319 horum
821 282 989 331 nequitia
1023 282 1233 331 adductus,
1261 284 1391 334 legem

100 338 220 386 tulit,
249 355 291 377 ne
321 341 400 391 quis
423 335 534 393 fitpm
560 342 716 394 sestertia
735 341 929 394 sexaginta
965 343 1003 380 in
1035 356 1213 381 numerato
1238 345 1388 385 haberet.

102 399 154 438 fic
184 400 476 451 providebatur,
497 415 546 442 ne
573 403 656 453 quis
673 416 898 453 magnarum
913 417 1034 454 opum
1060 404 1200 444 fiducia
1221 406 1388 454 adjicere

102 461 152 499 ad
173 474 230 500 res
257 464 454 503 novandas
482 465 654 504 animum
677 464 810 515 poffet.
836 466 945 505 Plebs
967 467 1016 505 ad
1040 466 1122 506 haec
1139 468 1231 507 addi
1259 469 1388 519 postu-

102 520 231 571 labat,
258 535 296 560 ut
312 525 455 575 praemia
475 525 608 577 servis,
631 526 691 578 qui
719 526 877 564 dominos
898 528 935 564 in
961 528 1051 567 hanc
1076 528 1179 580 legem
1203 542 1389 581 peccantes

100 585 316 637 detulzffent,
351 589 624 626 decemeremur:
658 586 722 625 sed
751 586 884 626 abnuit
909 587 1052 638 Caesar‚
1074 589 1294 640 juratusque
1323 603 1388 632 ne-

101 648 222 698 gavit,
232 649 348 700 servis
367 651 533 702 adversus
557 650 713 688 dominos
735 651 955 692 crediturum.

155 710 216 750 LI.
247 711 350 751 Inter
374 710 456 750 ‘naec
489 720 566 750 tam
595 710 794 762 prospera,
817 725 894 751 non
925 713 1119 752 modicam
1146 714 1294 764 accepit
1317 727 1386 765 pet

100 771 220 811 duces
244 771 329 811 suos
352 773 391 811 in
412 771 565 824 Illyrico
601 772 765 814 cladem.
792 774 830 814 P.
863 774 1087 815 Cornelium
1112 776 1353 816 Dolabellam
1370 807 1382 826 ,

98 844 189 872 cum
211 848 232 873 a
257 834 400 874 Caesare
425 848 540 874 naves
564 835 740 884 haberet,
757 835 814 876 Μ.
837 836 1021 876 Octavius
1043 839 1077 877 8<
1103 837 1143 877 L.
1163 838 1387 878 Scribonius

97 894 222 944 Libo,
249 909 343 946 quos
367 896 578 936 Liburnicae
603 907 718 947 atque
743 897 918 937 Achaicae
940 898 1045 938 classi
1072 899 1274 950 pompejus
1294 913 1386 950 prae—

95 955 266 1004 fecerat,
303 959 472 1005 vietum,
497 967 734 1008 exutumque
765 958 887 1009 copiis
920 958 1109 998 Dalmatia
1144 960 1385 1009 expulerunt.

98 1019 179 1059 Sed
202 1019 268 1058 ille
290 1021 468 1070 quidem,
494 1020 623 1059 amiffa
649 1019 760 1059 classe
775 1049 786 1068 ‚
806 1020 974 1070 perfugit
997 1020 1044 1059 ad
1073 1021 1114 1060 C.
1143 1022 1352 1060 Antonium
1369 1052 1383 1070 ‚

97 1082 161 1131 qui
188 1083 237 1122 ad
263 1083 453 1122 Curictam
480 1083 699 1136 (Japodum
726 1081 901 1121 litoribus
925 1082 1041 1121 adsita
1066 1083 1117 1121 est
1143 1082 1291 1132 infula,
1330 1083 1379 1122 ad

98 1144 213 1182 maris
242 1144 426 1183 Adriatici
450 1144 612 1193 fauces)
645 1144 760 1183 castra
797 1142 975 1183 habebat.
1021 1144 1097 1183 Sed
1124 1143 1248 1194 ipsum
1285 1158 1382 1195 quo-

96 1217 172 1255 que
207 1207 442 1255 Antonium,
481 1219 571 1245 cum
608 1205 739 1245 ulcisci
780 1205 1023 1246 Dolabellam
1063 1216 1250 1257 cuperet,
1294 1220 1385 1247 cum

99 1265 148 1315 Q.
171 1266 398 1315 Hortensio,
421 1267 485 1317 qui
512 1267 559 1306 ab
577 1268 701 1308 infero
725 1270 818 1327 mari
841 1267 992 1324 claffegn
1015 1269 1252 1318 adduxerat,
1275 1269 1387 1309 Pom-

95 1329 225 1378 pejani
257 1328 373 1368 duces
400 1329 644 1379 superarunt:
673 1343 905 1381 quamquam
933 1331 965 1369 ei
998 1331 1038 1371 L.
1064 1330 1262 1370 Minucius
1289 1330 1387 1370 Basi-²

93 1387 178 1437 ius,
207 1389 250 1428 C.
273 1388 468 1429 Sallustius
494 1390 674 1440 Crispus,
703 1404 752 1430 ex
785 1390 938 1442 singulis
967 1389 1213 1441 legionibus,
1242 1391 1386 1442 quibus

96 1459 306 1502 praeerant,
332 1451 512 1492 cohortes
535 1452 682 1501 aliquot
705 1453 871 1492 subsidio
902 1453 1092 1493 mififfent.

149 1513 230 1553 LII.
259 1513 448 1553 Antonius
478 1514 668 1554 Curictam
699 1515 864 1566 refugit,
891 1514 1090 1565 asperitate
1119 1515 1231 1564 situs,
1259 1517 1295 1556 ὁὶ
1319 1517 1386 1555 in-

95 1573 266 1616 colarum
294 1575 433 1615 virtute
469 1575 641 1617 confisus.
675 1578 749 1618 Sed
785 1577 853 1617 ubi
887 1577 1070 1617 Octavius
1101 1579 1136 1617 ἃ
1163 1577 1259 1617 Libo
1293 1590 1386 1617 curn

94 1635 313 1686 ingentibus
335 1638 454 1688 copiis
478 1638 715 1678 classicorum
739 1638 950 1687 affuerunt;
970 1639 1209 1689 desertosque
1228 1653 1248 1678 a
1272 1639 1384 1679 sociis

93 1710 228 1749 urgere
250 1699 370 1738 fames
394 1701 512 1750 coepit
526 1731 539 1747 ,
560 1703 595 1740 <Sc
616 1701 666 1740 ad
688 1701 944 1752 Pompejanas
969 1710 1092 1751 partes
1109 1701 1238 1751 palam
1267 1701 1385 1740 trans-

98 1761 238 1811 greffus
256 1764 312 1801 vir
339 1763 560 1803 fortiffimus
581 1765 626 1805 T.
652 1765 756 1804 Pufio
782 1764 1009 1812 sollicitare3
1033 1766 1220 1804 Antonius
1240 1764 1274 1805 se
1293 1777 1385 1805 cum.

94 1825 317 1873 quindecim
345 1825 570 1865 cohortibus
597 1827 744 1866 dedidit
759 1841 773 1867 :⁷
798 1827 1006 1877 omnesque
1031 1828 1078 1867 ad
1109 1828 1337 1878 Pompejum
1359 1841 1383 1867 a

92 1884 239 1925 Libone
273 1887 429 1927 deduffl
455 1887 552 1928 sunt.
592 1888 750 1928 Evasere
778 1896 910 1928 tamen
938 1890 1041 1939 prius
1066 1891 1182 1940 pauci
1205 1890 1254 1929 ad
1284 1890 1383 1930 Basr-

91 1949 202 1996 lum‚
244 1951 308 2001 qui
344 1952 475 2001 copias
511 1952 706 1992 instructas
738 1964 784 1992 ex
815 1953 972 1993 adverso
1007 1952 1117 1993 litore
1150 1955 1378 1995 ostenderat.

89 2010 145 2050 Ea
175 2010 258 2061 spes
293 2013 492 2051 audaciam
527 2014 624 2063 parti
664 2013 831 2052 militum
871 2014 985 2062 fecit,
1010 2023 1052 2053 ut
1087 2028 1187 2053 nova
1223 2015 1374 2054 ratione

89 2080 280 2111 tentarent
311 2087 377 2123 per
415 2087 516 2113 mare
550 2075 694 2126 fugam.
735 2076 915 2126 Namque
943 2076 1088 2114 refluxu
1125 2076 1374 2126 exspectato,

90 2142 188 2172 rates
225 2134 532 2175 conscenderunt
548 2138 600 2176 ita
625 2131 848 2185 contextim,
868 2147 910 2176 ut
933 2138 1135 2187 geminatis
1161 2150 1377 2188 cupparum

91 2196 289 2236 ordinibus
320 2198 611 2247 incumberent,
633 2212 708 2250 quo
738 2199 836 2238 inter
864 2209 1070 2250 utrumque
1105 2199 1280 2238 ordinem
1307 2213 1382 2239 oea

90 2247 213 2297 cult&
224 2259 384 2309 remigio
417 2258 730 2310 proveherentur.
757 2262 881 2301 Series
909 2273 1121 2312 cupparum
1151 2263 1199 2302 ad
1223 2262 1384 2302 firmini-

136 2373 159 2416 5
182 2373 217 2405 L.
237 2375 376 2408 Sueton.
403 2376 439 2408 in
463 2376 547 2410 Caes.
574 2390 604 2410 c.
629 2389 682 2417 42.
716 2379 864 2423 Appiam.
891 2378 971 2412 Dio.
996 2379 1016 2422 (5
1045 2380 1097 2411 Ll.
1123 2379 1226 2411 Oros.
1252 2378 1376 2421 6„15‚

97 2416 237 2451 Suet-211,
267 2419 298 2451 in
329 2419 414 2454 Caes.
434 2432 465 2453 c.
490 2422 542 2463 36.
570 2423 659 2457 Flor.
677 2435 718 2464 4,
740 2434 771 2456 2.
795 2425 907 2457 Strab-
933 2426 956 2456 l.
981 2433 1015 2463 7.
1043 2423 1184 2457 Ptolem.
1205 2424 1286 2457 Dio.

1022 2479 1149 2525 &A
