1675 2959
302 138 396 203 378
469 121 1485 188 JO..FRE1NSH·EM118UPPLEM.

300 248 460 299 pionem
489 260 692 298 properare
725 247 866 296 coepit,
907 247 943 283 ei
977 246 1141 293 timens,
1168 257 1216 283 ne
1239 257 1260 282 a
1287 243 1428 283 Caesare
1450 242 1582 293 oppri-

300 319 476 349 meretur.
509 311 602 349 Haec
625 312 728 347 enirn
758 308 878 346 ferme
898 306 1046 345 summa
1075 304 1221 345 consilii
1248 305 1443 354 utriusque
1474 312 1577 352 erat,
1643 327 1650 334 =

298 379 343 409 ut
364 372 506 419 Caesar,
530 365 559 410 ‘fi'
581 372 798 421 sequeretur
824 370 1050 418 pompejus,
1065 369 1293 418 aequioribus
1316 368 1410 407 Iocis
1433 366 1578 406 bellum

298 434 466 484 gesturus
493 435 702 480 videretur3
742 433 793 473 sm
829 444 917 470 vero
951 430 1229 471 transmitteret.
1245 432 1284 470 in
1309 431 1484 477 Italiam,
1513 442 1580 468 eo-

297 494 387 533 dem
425 508 491 544 per
523 494 718 544 Illyricum
754 492 1010 539 contendere;
1043 490 1233 540 postremo
1265 491 1445 530 omnibus
1480 489 1577 528 locis

298 556 495 604 exclusus,
521 556 732 607 exercitum
749 585 761 603 ,
785 549 906 605 quem
926 553 1054 604 Scipio
1078 565 1200 602 nuper
1220 552 1448 601 adduxerat,
1478 551 1578 591 obsi-

298 618 428 658 dendo
445 648 455 665 ‚
484 617 674 657 retrahere
704 614 1062 667 pompejum·p0ffe
1089 623 1253 666 putaret.
1391 645 1393 647 .

352 680 446 720 LIV.
475 681 678 730 Pompeius
715 677 905 724 fimiliter‚
927 677 999 716 sive
1030 677 1252 727 Scipionem
1279 674 1434 725 aggredi
1459 672 1580 713 Caesar

293 741 498 790 statuiffet,
537 743 587 784 ad
618 741 809 782 auxilium
843 739 1070 786 festinabat3
1111 738 1185 777 five
1223 747 1380 787 propter
1417 735 1577 785 copias,

296 817 380 854 quae
409 804 455 843 ab
485 803 594 843 Italia
620 802 958 854 exspectabantur,
996 799 1193 840 discedere
1217 799 1264 838 ab
1299 811 1364 838 ora
1390 797 1579 837 maritima

295 864 442 911 nollet,
478 864 742 904 Domitianum
771 864 981 902 exercitum
1013 861 1131 901 deleri
1155 860 1259 912 posse
1284 860 1445 900 rebatur.
1479 859 1580 899 Cum

296 924 429 968 Caesari
456 925 664 964 necessario
688 927 790 975 prius
810 924 985 965 adeunda
1009 921 1211 973 Apollonia
1231 921 1344 969 estet,
1370 931 1414 961 ut
1432 921 1582 960 sau'cios

295 988 531 1039 deponerem
554 987 783 1039 stipendium
807 986 1001 1029 ,militibus
1032 986 1162 1032 daret,
1201 984 1423 1035 animosque
1453 983 1582 1023 socio-

294 1061 380 1089 rum
404 1047 576 1099 alloquio
602 1050 638 1088 Sc
664 1047 840 1098 praesidiis
874 1048 971 1086 datis
992 1046 1182 1095 firmaret;
1205 1047 1435 1097 Pompejus,
1462 1057 1579 1095 expe.

297 1111 380 1150 dito
407 1124 473 1161 per
505 1101 738 1149 Candavialn
766 1109 926 1155 itinere,
964 1109 1068 1159 prior
1089 1108 1128 1146 in
1154 1108 1430 1148 Macedoniam
1458 1108 1581 1147 venit·

296 1171 356 1212 Ibi
381 1171 533 1210 fortuna
549 1200 561 1218 ,
592 1172 667 1218 vit·
685 1181 849 1220 quatuor
873 1169 1054 1208 horarum
1079 1168 1302 1218 interposito
1330 1167 1452 1218 spatio
1468 1196 1479 1213 ,
1506 1166 1582 1205 Do-

297 1234 450 1274 mitium
479 1236 513 1273 &
545 1234 690 1282 objecit
720 1233 890 1271 maximo
923 1231 1157 1277 discrimini,
1184 1234 1219 1270 ἃ
1240 1230 1389 1280 eripuit.
1422 1229 1581 1279 Ignarus

296 1295 363 1335 ille
385 1296 582 1341 omnium,
615 1294 787 1347 (quippe
815 1292 911 1340 rniffi
946 1293 992 1332 ab
1027 1292 1096 1332 illo
1121 1293 1172 1331 ad
1205 1291 1386 1331 Caesarem
1404 1321 1416 1339 ,
1440 1300 1505 1329 aut
1531 1289 1581 1330 ad

294 1355 406 1396 illum
437 1370 458 1395 a
488 1356 655 1404 Caesare,
695 1349 1011 1406 propter'infesta
1046 1355 1180 1394 itinera
1213 1363 1410 1404 penetrare
1448 1351 1581 1402 nequi-

297 1419 420 1470 bant)
445 1431 534 1458 cum
559 1431 626 1469 per
648 1417 791 1469 aliquot
819 1418 897 1457 dies
921 1417 1036 1456 castra
1060 1417 1186 1457 castris
1211 1415 1383 1465 Scipioni
1407 1413 1579 1465 oppolita

295 1482 511 1529 habuisset,
532 1483 584 1521 rei
610 1481 866 1520 frumentaria:
880 1479 987 1518 causa
1004 1478 1235 1517 discefferat:
1262 1480 1296 1517 ἃ
1317 1486 1400 1515 tum
1425 1476 1475 1514 ad
1503 1475 1581 1514 He-

296 1546 460 1586 racleam
483 1547 665 1586 Sinticam
681 1576 692 1592 ‚
714 1557 796 1594 quae
813 1544 865 1582 est
887 1543 1054 1592 subjecta
1077 1534 1302 1587 Candwsiae,
1323 1542 1396 1579 iter
1411 1538 1576 1585 habens,

298 1609 342 1646 in
364 1605 488 1658 ipsum
516 1608 740 1657 Pompejum
763 1604 974 1651 incidiffet3
1003 1603 1067 1641 nisi
1085 1634 1095 1651 ,
1126 1602 1230 1653 quod
1259 1612 1382 1650 neque
1406 1598 1471 1638 sua
1496 1598 1583 1640 dili-

301 1670 426 1720 gentia
454 1668 706 1719 cognoscere,
727 1680 849 1716 neque
878 1666 1008 1705 doceri
1034 1679 1055 1704 a
1078 1664 1151 1704 suis
1183 1663 1357 1716 partibus
1375 1668 1576 1713 potuerat,

297 1730 464 1773 hostium
495 1729 684 1769 beneficio
717 1728 917 1768 didicisset.

352 1792 428 1833 LV.
458 1791 704 1842 Allobroges,
736 1792 802 1841 qui
829 1803 916 1828 cum
942 1787 1108 1841 Roscillo
1134 1790 1170 1828 &
1194 1787 1289 1838 AEgo
1315 1799 1436 1837 nuper
1462 1793 1580 1824 trans-

295 1855 495 1905 fugerant,
530 1855 686 1904 repertiss
711 1866 781 1904 per
816 1854 915 1891 viam
953 1850 1257 1902 exploratoribus
1284 1849 1469 1897 Domitii,
1506 1847 1583 1886 sive

298 1928 453 1969 propter
485 1927 649 1956 veterem
682 1916 1023 1961 consuetudinem,
1058 1914 1161 1964 quod
1194 1916 1233 1952 in
1258 1911 1381 1952 Gallia
1409 1923 1484 1949 una
1510 1911 1580 1949 mi-

299 1979 524 2027 litaverant,
550 1979 622 2018 sive
647 1978 766 2027 glo-ria
792 1978 901 2026 elati,
930 1978 1056 2015 onmia
1085 1973 1384 2026 expromserunt.
1424 1973 1481 2012 Ita
1513 1971 1578 2010 de-

299 2042 403 2081 flexo
426 2043 557 2080 itinere
582 2041 802 2088 Domitius,
831 2053 903 2090 qua
928 2039 1111 2079 Caesarem
1140 2038 1266 2075 venire
1283 2037 1502 2082 audiverat,
1524 2033 1578 2073 vi-

299 2104 467 2153 tavitque
497 2105 744 2154 Pompejum‚
773 2106 807 2143 δι
832 2104 879 2142 ad
909 2103 1102 2153 AEginium
1136 2114 1224 2140 cum
1255 2101 1483 2151 imperatore
1509 2097 1581 2136 suo.

301 2167 530 2214 conjunctus
559 2166 622 2205 est.
658 2166 744 2214 Jam
772 2178 1007 2216 quocunque·
1028 2164 1147 2206 Caesar
1178 2164 1322 2210 adiret,
1351 2162 1581 2214 proeliorum

300 2227 651 2279 Dyrrhachinorum
673 2228 775 2267 fama
795 2239 1049 2278 praecurrerat.
1084 2226 1196 2277 igitur
1210 2224 1408 2274 Gomphos
1423 2223 1581 2261 venien-

301 2289 353 2334 ti,
385 2289 487 2338 quod
514 2290 679 2339 primum
705 2289 756 2327 est
789 2299 922 2328 contra
949 2289 1103 2338 Epirum
1134 2286 1331 2327 Theffaliae
1361 2284 1549 2334 oppidum
1567 2312 1584 2330 ⁵

303 2354 441 2404 praeroTr
458 2352 580 2401 gentis
602 2350 881 2391 Androsthenes
902 2360 1026 2400 portas
1054 2349 1205 2396 claufit,
1229 2345 1384 2386 dimiffis
1405 2346 1452 2384 ad
1471 2346 1581 2385 Pom-

350 2471 373 2515 §
402 2470 487 2505 Lm.
509 2469 590 2507 Dim
614 2469 702 2504 Plut.
723 2469 757 2506 in
786 2467 870 2503 Caes.
896 2479 925 2503 c.
946 2477 998 2510 59.
1021 2466 1166 2512 Appiam
1190 2463 1313 2512 Vellei.
1337 2463 1423 2499 (εἰ.
