1675 2959
291 100 368 146 IN
407 100 583 147 LOC.
628 101 766 148 LIB.
815 102 920 148 CVI
967 104 1119 151 LIV.
1270 117 1364 173 22,1'

86 207 188 258 apud
224 206 264 246 C.
291 207 427 248 Alfium
460 215 660 257 praetorem
692 207 895 255 majestatis
923 209 1132 259 postulatus
1157 211 1367 264 Gabiniusff*

84 267 236 306 summo
271 268 462 306 dedecore
485 268 662 316 judicum
690 267 956 308 absolveretur.

137 330 201 369 IV.
238 329 463 369 Permoleste
496 343 573 368 rem
607 343 691 368 eam
720 330 886 381 populus
916 330 1037 380 tulit,
1079 326 1178 372 adeo
1213 336 1365 384 pridem

82 391 297 431 concitatus
312 421 322 439 ,
347 401 389 430 ut
413 405 546 442 parum
571 392 734 431 abfuerit
749 422 760 440 ,
784 393 874 442 quin
893 392 975 443 ipso
1001 393 1038 432 in
1054 395 1202 443 judicio
1229 397 1367 436 discer-

81 463 188 503 peret
208 467 312 493 reum
327 485 338 501 ,
357 457 392 494 δε
415 456 513 494 inter
534 454 755 494 diribendas
772 454 932 495 tabellas
947 457 1142 505 judicibus
1158 458 1244 508 ipfis
1266 474 1368 499 mor-

81 523 158 553 tem
178 516 392 557 minaretur.
407 516 525 567 Igitur
543 514 685 554 frustra
695 516 896 555 obnitente
908 517 1090 567 Pompejo
1104 547 1114 564 ,
1128 519 1367 570 Sibyllinum

80 586 236 615 carmen
265 578 393 616 denuo
426 575 613 626 invulgati
639 578 878 626 pervicerunt
900 591 909 617 ε
932 580 967 618 6<
994 578 1060 618 sub
1082 574 1187 619 idem
1212 591 1367 632 tempus

80 638 237 678 fortuita
265 652 342 687 res,
377 639 442 679 sed
471 639 576 680 velut
606 652 652 679 ex
690 643 893 691 compacto
928 642 967 680 in
1002 641 1111 682 illum
1143 655 1365 696 temporum

78 700 281 739 articulum
304 702 484 749 veniens,
506 709 584 739 tarn
611 701 737 741 valide
762 703 978 742 commovit
997 702 1196 755 homines,
1223 717 1290 756 ut,
1316 708 1363 748 li-

78 771 139 800 cet
167 762 273 801 nulla
293 763 428 802 statuta
450 762 489 802 in
512 763 617 802 libris
642 777 757 814 poena
780 764 928 813 fuerat,
956 767 1188 807 atrocissimo
1219 768 1368 821 suppli-'

79 824 142 861 cio
175 823 361 863 Gabinius
386 824 583 864 voluntate
607 825 838 876 fingulorum
866 829 900 867 8:
926 827 1076 867 senatus
1101 829 1365 874 destinaretur„v

75 883 189 924 Forte
215 885 280 924 sub
297 885 453 925 eosdem
478 887 558 925 dies
573 887 726 935 Romae,
749 890 784 926 δε
811 888 980 928 maxime
992 890 1112 939 Appia
1135 893 1183 930 ad
1200 893 1358 944 Martis,

76 947 174 984 mira
207 946 422 996 proluvies,
448 948 667 986 exundante
693 947 822 988 Tiberi
850 949 966 989 fluvio
983 980 994 997 ‚
1021 953 1057 989 δι’
1080 952 1196 1002 usque
1228 956 1276 994 ad
1300 958 1360 1004 pi..

75 1004 218 1046 scinam
245 1005 439 1055 publicam
473 1020 612 1058 magna
633 1010 687 1048 vis
709 1022 813 1059 aquae
839 1009 938 1046 fuit:
977 1011 1216 1057 oppletnque
1243 1017 1363 1059 parti-

75 1065 148 1105 bus
183 1065 426 1105 inferioribus
463 1068 666 1117 omnibus,
693 1082 742 1108 ne
781 1068 942 1107 editiora
981 1066 1139 1116 quidem
1170 1069 1360 1111 intentata

73 1128 253 1168 fluctibus
290 1128 515 1169 manserunt.
753 1163 756 1166 .

127 1191 175 1230 V.
199 1190 342 1241 Magna
364 1190 614 1230 aedificiorum
637 1189 772 1240 strages
799 1189 951 1243 secuta,
979 1203 1063 1240 quae
1084 1189 1245 1232 lateritia
1269 1205 1360 1235 cum

71 1252 217 1303 essent,
249 1254 285 1293 vi
320 1266 499 1304 aquarum
531 1251 797 1292 solvebantur:
830 1252 961 1303 ingens
991 1254 1251 1301 jumentorum
1280 1269 1360 1295 nu-

70 1327 221 1364 merus,
237 1315 411 1354 homines
433 1327 585 1364 quoque
608 1313 740 1363 multi,
760 1312 932 1353 suffocati
956 1314 1084 1364 aquis,
1102 1322 1166 1353 aut
1190 1318 1357 1367 oppreiiI

71 1375 201 1423 ruina,
221 1375 424 1426 perierunt.
462 1376 556 1415 Haec
584 1375 714 1414 onmia
741 1375 873 1413 infenfi
903 1375 952 1414 ad
981 1375 1073 1415 iram
1104 1376 1274 1418 Deorum
1300 1391 1358 1421 re-

71 1435 270 1483 ferebant,
296 1435 435 1485 spretas
457 1436 658 1487 religiones
687 1437 976 1476 vindicantium.
1005 1437 1124 1487 Igitur
1147 1440 1194 1478 ad
1212 1440 1268 1480 M.
1284 1441 1367 1486 Ca=,

75 1498 178 1536 tonis
214 1497 405 1545 tribunal,
431 1498 495 1548 qui
521 1498 570 1536 de
599 1498 822 1548 repetundis
847 1497 1070 1547 judicabat,
1106 1500 1356 1541 adduxerunt

70 1571 204 1608 reum,
238 1560 364 1598 minus
392 1561 469 1609 jam
497 1560 727 1607 timentem,
762 1560 849 1610 quia
879 1562 1088 1599 maximam
1122 1562 1354 1605 adversario„

68 1631 156 1658 rum
191 1620 455 1670 tempestatem
494 1620 699 1659 incolumis
731 1620 949 1671 pertulerat.
987 1623 1063 1663 Sed
1089 1637 1109 1662 a
1133 1625 1353 1675 judicibus,

67 1681 132 1730 qui
151 1676 397 1733 &populum
428 1682 642 1731 timebant,
670 1685 706 1722 δε
731 1696 752 1723 a
776 1696 840 1722 reo
862 1694 1090 1735 acceperant
1114 1686 1230 1735 nihil,
1256 1699 1350 1727 con-

67 1741 269 1781 demnatus
289 1774 302 1790 ‚
331 1743 450 1783 solum
485 1745 610 1784 vertit.
654 1745 767 1785 Erant
800 1748 905 1786 enim
941 1756 1047 1787 tanta
1081 1749 1161 1796 ejus
1193 1757 1349 1800 tamque

65 1803 263 1843 manifesta
290 1804 473 1852 crimina,
495 1806 705 1857 populique
731 1808 1036 1859 indignationem
1064 1810 1115 1849 ita
1143 1810 1348 1851 vehemen-

63 1873 143 1904 tem
166 1875 476 1915 commoverant,
501 1878 544 1907 ut
577 1869 691 1908 nullis
722 1871 924 1921 praesidiis,
955 1884 1045 1911 cum
1071 1872 1212 1911 habere
1242 1874 1345 1913 vide-2

63 1935 168 1966 retur
194 1926 307 1980 longe
332 1927 556 1977 firmissima,
583 1929 718 1970 servari
743 1932 875 1982 poss'et.

118 1988 181 2029 VI.
204 1989 430 2039 pompejus,
461 1991 524 2041 qui
545 1992 599 2030 rei
627 1992 882 2033 frumentariae
911 1994 1022 2034 causa
1046 1995 1084 2033 in
1108 1994 1216 2036 Italia
1243 2005 1346 2048 erat,

64 2061 155 2089 cum
189 2051 237 2090 ad
274 2052 441 2102 primurn
474 2054 664 2103 judicium
697 2056 849 2097 Gabinii
889 2070 1086 2098 occurrere
1122 2058 1344 2111 studuisset,

62 2112 129 2152 sub
162 2113 313 2154 eosdem
353 2116 457 2165 dies,
500 2118 636 2167 quibus
677 2121 974 2170 repetundarum
1013 2121 1221 2173 postulatus
1255 2124 1348 2170 ῑυε-ν

62 2189 139 2224 rat,
166 2179 215 2216 ad
243 2178 376 2218 urbem
396 2181 521 2220 venit:
548 2181 719 2233 nihilque
740 2184 789 2229 ad
806 2183 996 2224 summam
1020 2183 1259 2235 diligentiam
1287 2186 1345 2223 fe.

62 2238 116 2276 cit
139 2238 356 2289 reliquum,
383 2254 458 2292 quo
484 2253 689 2292 nocentem
718 2245 893 2296 eriperet.
934 2246 1103 2296 Ideoque
1126 2247 1161 2285 ἃ
1188 2245 1340 2286 Cicero-

105 2352 127 2396 §
153 2355 213 2388 111.
234 2356 375 2390 Diodor.
397 2361 421 2392 1.
445 2366 496 2401 39.
515 2361 592 2394 val.
614 2362 709 2396 Max.
737 2374 778 2403 4,
802 2362 837 2396 6.
869 2363 891 2406 §
917 2363 979 2397 lv
1002 2365 1118 2398 Senec.
1140 2364 1271 2398 consol.
1295 2365 1336 2398 ad

71 2388 130 2432 Ma
132 2409 180 2436 ΜΕ
202 2400 277 2438 Val
293 2401 386 2440 Max
408 2404 448 2448 6,
473 2405 772 2450 105V.Cic,ad
797 2407 842 2454 Q.
866 2409 961 2445 fratr.
983 2419 1055 2455 323
1084 2409 1172 2453 δεῇ.
1192 2409 1340 2447 Dresia-.-
