1675 2959
275 141 371 204 360
438 141 530 188 ῙΟ.
570 141 1064 192 FREINSHEMII
1111 144 1466 194 SUPPLEM

343 247 431 288 XV.
453 248 611 288 rIdcirco
645 250 790 296 Caesar,
828 263 917 290 cum
949 251 1050 290 forte
1077 264 1168 294 cum
1194 267 1272 293 una
1300 254 1454 305 legione
1483 253 1564 294 Bu*

277 307 454 350 throtum
477 312 670 361 profectus
684 342 696 360 ‚
715 312 841 351 literas
869 312 1081 362 legatorum
1105 317 1331 367 accepisset,
1353 318 1477 356 statim
1506 330 1563 356 re-

278 371 397 409 currit
428 372 601 411 Oricum.
643 373 718 412 Sed
751 385 842 413 cum
882 386 1006 424 neque
1039 376 1198 417 Bibulus
1239 379 1289 417 ad
1323 377 1564 428 colloquium

275 432 534 482 proceffisset,
573 436 609 473 ἃ
645 433 744 473 Libo
777 434 1018 486 legatorum,
1054 449 1149 486 quos
1174 439 1294 479 Caesar
1318 441 1367 479 ad
1400 440 1564 490 Pompe-

275 495 361 543 jum
384 495 534 533 mittere
559 494 764 544 cupiebat,
791 498 961 546 praestare
979 497 1193 547 periculum
1217 500 1358 549 nollet3
1385 515 1436 542 ne
1453 501 1564 540 indu-2

277 555 358 592 cias
379 555 534 603 quidem
557 556 769 595 concedere
789 557 935 606 voluit,
960 558 1056 597 nihil
1081 560 1186 598 aliud
1210 559 1258 600 ab
1280 560 1448 601 hostibus
1465 575 1571 612 quae·

276 614 309 652 ri
334 614 523 664 sentiens,
552 629 667 666 quam
698 627 742 656 ut
761 631 884 668 aqua,
904 618 1093 669 rebusque
1116 620 1199 659 aliis
1215 650 1227 667 ‚
1255 621 1392 672 quibus
1419 623 1566 671 indige-

278 676 400 724 bant,
426 679 669 718 induciarum
695 680 883 728 obtentu,
916 681 1070 721 claffem
1099 683 1309 722 reficerent.
1345 684 1446 723 Nam
1472 684 1566 722 ficut

277 735 339 774 illi
364 750 494 786 mare,
527 739 579 777 ita
613 748 752 780 terram
779 741 820 779 in
855 741 1039 791 potestate
1067 743 1189 782 Caesar
1217 743 1409 792 habebat3
1441 744 1567 783 statio-

276 797 469 849 nibusque
491 813 558 850 per
580 800 693 840 litora
719 802 927 855 dispositis,
949 816 1026 842 non
1053 805 1246 854 aquandi,
1268 819 1346 845 non
1370 805 1568 857 lignandi‚

276 872 329 898 ne
359 860 546 912 religandi
572 865 731 913 quidem
760 878 874 904 naves
902 865 1124 906 facultatem
1153 867 1281 907 dabat.
1310 870 1421 908 Unde
1450 870 1486 908 δι
1503 869 1564 909 Μ.

276 915 461 971 Bibulus,
482 935 573 964 cum
592 927 633 964 in
658 925 809 965 summo
830 926 971 977 frigore
995 929 1031 967 &
1053 930 1184 979 inopia
1208 942 1274 979 per
1298 929 1439 969 multos
1462 930 1564 977 dies,

279 996 518 1035 quamquam
545 1000 705 1039 corpore
726 1001 825 1039 aeger
839 1019 850 1036 ‚
875 988 1071 1028 discedere
1092 1003 1139 1029 ex
1160 990 1320 1030 navibus
1341 990 1483 1038 nollet,
1501 1003 1567 1028 ne-

279 1058 356 1094 que
384 1046 439 1086 ibi
460 1050 581 1087 curari
608 1050 754 1099 poffet3
784 1052 897 1089 aucto
920 1050 1083 1099 morbo,
1110 1052 1217 1091 diem
1244 1052 1352 1096 suum
1375 1053 1484 1092 obiit.
1517 1052 1564 1092 In

279 1109 365 1156 ejus
395 1108 525 1149 locum
553 1110 731 1151 suffectus
754 1112 806 1150 est
830 1125 972 1152 nemo:
1002 1111 1066 1153 sed
1089 1113 1241 1164 singulis
1263 1114 1442 1154 classibus
1466 1128 1566 1166 prae-

277 1169 418 1219 positi,
444 1171 510 1210 suo
535 1185 597 1212 eas
623 1173 775 1215 arbitrio
798 1175 990 1224 regebant.

337 1232 444 1273 XVI.
476 1233 626 1274 Interea
650 1236 691 1275 L.
722 1236 938 1285 Vibullius,
965 1239 1029 1287 qui
1057 1239 1237 1278 mandata
1269 1238 1420 1278 Caesaris
1450 1251 1568 1289 expo-

278 1294 399 1333 nendi
424 1296 550 1335 otium
577 1298 753 1337 nondum
782 1298 907 1338 fuerat
932 1302 1089 1347 nanus,
1119 1313 1209 1340 cum
1241 1300 1426 1351 Pompejo
1455 1313 1568 1350 agere

280 1356 455 1397 instituit.
497 1360 545 1399 At
573 1359 636 1398 ille
664 1361 892 1409 interfatus,
927 1364 1029 1416 Quid
1050 1364 1165 1411 mihi,
1197 1366 1345 1414 inquit,
1376 1377 1439 1403 aut
1462 1366 1568 1413 vita,

281 1432 348 1460 aut
372 1420 516 1459 civitate
539 1437 629 1474 opus
653 1424 720 1474 est,
753 1439 854 1476 quam
880 1426 1042 1475 beneficio
1072 1428 1217 1479 Ccefizris
1243 1429 1364 1466 hahere
1388 1428 1530 1466 videbor
1545 1429 1570 1466 ἓ

280 1480 383 1532 cujus
419 1483 468 1521 rei
496 1485 614 1537 opinio
651 1488 731 1525 tolli
766 1502 837 1526 non
864 1489 1015 1540 poterit,
1045 1503 1120 1527 cum
1148 1491 1184 1527 in
1211 1491 1381 1539 Italiam,
1413 1506 1458 1528 ex
1495 1505 1566 1542 qua

277 1545 455 1600 profeft'us
482 1549 586 1601 firm,
620 1552 774 1590 reduffus
805 1552 1031 1605 existimabor.
1072 1552 1179 1592 Bello
1220 1553 1412 1603 perfecto,
1447 1551 1568 1592 Caesar

285 1606 369 1646 haec
398 1609 499 1649 dicta
527 1615 713 1662 cognovit
745 1613 793 1653 ab
818 1615 883 1662 iis,
908 1615 970 1665 qui
996 1616 1246 1654 interfuerant
1272 1629 1281 1655 :
1313 1617 1570 1655 interfuerunt

280 1677 413 1708 autem
429 1671 651 1712 Scribonius
666 1674 762 1714 Libo
776 1705 787 1722 ‚
813 1675 853 1715 L.
871 1675 1057 1725 Luccejus
1071 1707 1085 1724 ,
1103 1678 1138 1715 δε
1157 1676 1312 1728 scriptor
1328 1676 1568 1717 historiarum

281 1730 568 1782 Theophanes,
597 1735 826 1786 quibuscum
853 1749 910 1775 res
933 1737 1119 1777 maximas
1145 1741 1432 1778 communicare
1456 1739 1568 1778 Pom-

281 1795 396 1844 pejus
421 1794 678 1835 consueverat.
705 1798 780 1837 Sed
800 1807 880 1838 tum
905 1800 1023 1838 etiam
1044 1799 1119 1838 alio
1145 1800 1314 1840 facinore
1344 1801 1567 1850 Pompejani

281 1854 572 1896 declaraverunt
595 1857 762 1897 aversam
787 1871 807 1898 a
829 1872 923 1909 pace
948 1860 1197 1900 voluntatem.
1226 1861 1366 1901 Crebra
1382 1862 1479 1899 inter
1500 1860 1569 1900 mi-

277 1914 369 1956 lites
394 1919 571 1968 utrinque
595 1918 786 1970 colloquia
806 1921 970 1968 fiebant,
989 1923 1145 1962 modico
1165 1923 1406 1963 interfluente
1430 1935 1556 1962 amne.

281 1991 329 2017 eo
349 1978 387 2018 P.
408 1980 605 2021 Vatinium
633 1983 751 2022 mittit
777 1984 921 2032 Caesar,
947 1987 1013 2035 qui
1038 1999 1176 2037 magna
1202 1999 1297 2025 voce
1325 1986 1456 2037 saepius
1480 1999 1568 2036 pro-

283 2040 493 2091 clamaret,
518 2044 674 2083 liceretne
701 2047 838 2085 civibus
865 2050 914 2084 ad
937 2049 1031 2086 cives
1067 2049 1203 2100 legatos
1228 2051 1269 2086 de
1292 2064 1377 2101 pace
1406 2049 1536 2085 mittere
1554 2078 1568 2096 ‚

280 2105 376 2154 quod
393 2107 617 2156 praedonibus
641 2108 677 2146 6»
693 2108 868 2160 fugitivis
890 2109 1067 2161 licuiffet?
1093 2110 1331 2161 Responsum
1357 2111 1409 2149 est
1437 2110 1484 2149 ab
1509 2109 1567 2149 al·

282 2173 365 2206 tera
394 2174 522 2215 parte,
546 2170 596 2206 A.
625 2171 813 2207 Varronem
834 2171 964 2222 postero
989 2172 1044 2208 die
1073 2174 1123 2209 ad
1144 2172 1350 2224 colloquium
1371 2184 1563 2210 venturum„

282 2229 405 2278 agitur
425 2242 500 2268 una
523 2231 638 2268 etiam
662 2232 863 2282 utrinque,
893 2233 1224 2282 quemadmodum
1254 2241 1336 2271 tuto
1361 2232 1476 2282 legati
1504 2244 1567 2271 ve·-

281 2291 389 2336 nire,
420 2293 476 2339 ἃ,
504 2304 585 2341 quae
605 2292 771 2339 vellent,
805 2306 998 2342 exponere
1022 2294 1180 2344 poffent.

337 2351 463 2392 XVII.
495 2353 570 2392 Sed
594 2365 683 2392 cum
704 2354 745 2393 in
769 2354 1014 2399 constitutum
1037 2355 1167 2395 locum
1188 2356 1227 2396 P.
1246 2356 1421 2397 Vatinius
1443 2354 1562 2396 venis-

325 2470 349 2518 5
370 2470 462 2507 XVI.
485 2472 595 2507 Strab.
615 2473 638 2511 l.
659 2483 690 2506 1.
713 2472 800 2511 Caes¹
