1675 2959
262 132 329 187 222‘
393 127 491 177 JO.
532 125 1047 176 FREINSHEMII
1086 116 1455 174 SUPPLEMs

318 233 468 274 XXIV.
497 234 696 288 Conveniffiae
725 242 855 274 autem
885 235 926 274 C.
963 233 1081 273 Curio
1115 241 1224 283 pater
1248 232 1288 271 in
1315 231 1552 272 orationibus

262 293 449 345 scripturn
479 294 653 345 reliquit,
684 308 724 334 ut
745 309 862 350 togam
885 298 926 334 de
950 297 1086 335 humero
1109 295 1277 345 dejiceret.
1302 295 1453 335 Idcirco
1473 309 1553 335 rur-

258 355 326 396 ·sus
344 356 384 395 in
400 358 532 397 Nonas
550 356 771 397 Februarias
793 356 994 396 confilium
1017 356 1134 395 eaedis
1150 354 1420 395 transtulerunt
1436 370 1447 404 ;
1467 358 1549 405 jam

262 431 346 458 non
366 417 585 457 consulibus
606 419 725 457 modo
739 450 752 467 ‚
767 418 836 458 sed'
851 417 1044 469 plerisque
1066 416 1326 464 senatoribus,
1351 418 1472 458 exitio
1486 417 1553 457 de.

262 478 424 518 stinatis.
457 479 572 518 Erant
596 486 724 517 autem
751 478 874 518 Nonis
901 490 951 517 ex
975 490 1084 517 more
1118 477 1244 517 Patres
1270 478 1312 516 in
1339 477 1472 518 senatu
1497 477 1554 516 af-

263 539 396 579 futuri.
428 539 512 579 Sed.
525 547 608 578 tum
635 540 752 579 etiam
774 539 958 579 cessatum
986 539 1039 578 est
1069 552 1091 578 a
1116 539 1346 588 conjuratis,
1380 540 1468 589 quia
1483 538 1556 578 Ca-

261 600 401 649 tilina,
434 613 523 640 cum
560 602 735 641 nondum
770 602 987 652 frequentes
1023 601 1159 640 armati
1192 600 1480 648 convenissent,
1507 601 1555 640 fi-

263 676 384 712 gnum
410 670 633 713 praemature
660 663 831 702 dederat.
863 663 998 712 Neque
1023 671 1153 701 tamen
1178 662 1268 700 ideo
1299 661 1451 712 spiritus
1475 662 1554 702 sce-

261 723 472 763 leratorum
508 725 784 764 conciderunt:
824 725 1014 774 praecipua
1044 723 1188 764 Pisonis
1216 725 1380 774 ferocia,
1417 725 1554 776 priori-

260 784 338 824 bus
364 785 526 825 confiliis
549 799 630 825 non
664 786 717 825 ita
742 784 1020 826 diffimulanter
1048 784 1246 832 instantis,
1280 794 1324 825 ut
1359 786 1473 837 paulo
1496 787 1552 827 di.

263 846 486 899 ligentiores
513 848 644 888 fallere
669 847 803 898 posset.

320 910 449 950 XXV.
482 910 603 961 Igitur
629 922 719 949 cum
746 909 802 950 M.
829 909 965 950 Cicero
995 921 1045 949 ex
1064 916 1223 960 praetura
1244 910 1284 949 in
1310 910 1552 961 provinciam

263 971 320 1012 ire
349 972 498 1022 nollet,
536 972 661 1012 Crasso
689 972 910 1021 annitente,
950 971 1033 1012 Piso
1067 973 1107 1010 in
1136 972 1364 1023 Hispaniam
1393 973 1553 1023 quaestor

262 1047 336 1086 pro
361 1043 524 1085 praetore
543 1034 674 1075 missus
696 1035 768 1074 est:
807 1047 879 1074 nec
906 1035 1029 1074 invito
1056 1035 1188 1074 senatu
1204 1066 1215 1084 ,
1242 1037 1307 1086 qui
1330 1036 1553 1087 pestiferum

264 1097 390 1136 civem
414 1097 550 1148 procul
583 1097 677 1138 urbe
706 1106 835 1136 tenere
864 1096 1073 1147 cupiebat3
1110 1098 1146 1136 &
1172 1098 1260 1147 quia
1285 1098 1456 1148 Pompeji
1483 1111 1554 1147 po-

264 1160 388 1201 tentia
412 1160 542 1202 multis
567 1170 646 1201 erat
666 1160 889 1209 formidini,
913 1159 1017 1202 hunc
1043 1162 1125 1209 ejus
1147 1159 1345 1199 inimicum
1371 1160 1551 1210 cupidius

267 1222 468 1262 ornabant.
510 1225 597 1262 Tum
628 1237 759 1276 quoque
789 1237 864 1262 cum
895 1237 933 1261 eo
962 1222 1166 1276 conspiraffe
1201 1222 1387 1275 Caefimm,
1421 1224 1553 1262 aueto-

265 1297 324 1324 res
350 1283 498 1333 habeo,
523 1297 562 1323 ut
581 1284 677 1337 foris
701 1286 808 1338 Piso,
835 1285 948 1337 Caesar
967 1287 1108 1331 Rom,
1133 1288 1183 1323 ad
1201 1300 1253 1323 res
1277 1300 1390 1324 novas
1413 1286 1553 1338 consur.

263 1360 393 1400 gerent.
431 1348 508 1388 Sed
535 1348 575 1387 id
599 1347 799 1388 confilium
824 1348 1024 1399 inopinata
1049 1361 1150 1387 mors
1171 1349 1313 1388 Pisonis
1337 1349 1550 1400 diffipavit‚

266 1422 383 1460 quem
398 1410 437 1448 in
462 1410 596 1449 itinere
616 1409 776 1461 Hispani
796 1411 955 1461 quidam
976 1412 1121 1461 equites
1153 1421 1406 1461 peremerunt.
1435 1411 1486 1451 Ea
1502 1411 1552 1450 de

263 1484 307 1511 se
330 1471 496 1511 diversus
523 1472 564 1511 in
589 1473 744 1512 civitate
776 1485 905 1512 rumor
930 1472 1080 1512 exstitit.
1114 1472 1308 1523 plerique,
1330 1486 1471 1527 propter
1494 1474 1552 1511 in-

259 1534 380 1589 jurias
394 1535 557 1589 proprias
570 1536 610 1574 id
619 1535 765 1588 fhcinus
781 1537 887 1590 ausos
904 1537 1111 1590 Hispanos,
1127 1537 1332 1588 putabant:
1355 1537 1442 1585 alii,
1458 1538 1552 1591 equi⁴

265 1609 321 1636 tes
351 1597 435 1635 illos
462 1599 680 1636 eventibus
706 1598 859 1651 fidisque
884 1599 1069 1637 clientibus
1089 1599 1252 1652 Pompeji
1264 1598 1371 1651 fitffl
1386 1630 1396 1647 ‚
1422 1611 1554 1650 argue-

266 1657 386 1707 bant3
421 1674 528 1712 neque
557 1660 630 1698 tale
650 1658 801 1711 facinus
827 1674 975 1714 unquam
1009 1673 1116 1699 antea«
1140 1673 1319 1713 patratum
1353 1662 1451 1715 apud
1476 1675 1550 1699 eam

265 1735 417 1776 gentem,
449 1721 547 1774 saeva
573 1723 608 1762 6³
627 1722 754 1776 injusta
777 1724 918 1775 imperia
941 1725 1050 1762 multa
1068 1723 1265 1777 perpeff'zm.

323 1784 470 1824 XXVI.
505 1785 609 1824 Inter
642 1784 709 1823 has
745 1784 1023 1824 sollicitudines
1055 1786 1207 1824 anxiam
1237 1785 1428 1824 civitatem
1465 1784 1555 1824 reli-

267 1848 402 1896 giones
433 1847 577 1892 etiam,
612 1849 647 1886 ἃ
675 1846 915 1897 haruspicum
948 1848 1073 1897 gravia
1116 1847 1292 1898 responsa
1327 1857 1552 1890 terruerunt.

267 1907 434 1948 Tac'tum
460 1909 622 1948 fulmine
650 1909 886 1960 Capitolium
911 1909 1058 1957 fuerat,
1086 1910 1302 1960 complures
1329 1919 1446 1949 turres
1469 1923 1552 1960 per.

267 1969 401 2017 cuss'ae,
430 1969 520 2021 lupa
554 1971 737 2021 gemellos
770 1971 917 2011 lactans
940 1972 1038 2018 ieta,
1070 1971 1295 2022 lignumque
1326 1971 1430 2019 Jovis
1459 1985 1551 2012 cum

268 2030 453 2070 columna
469 2061 480 2080 ,
507 2034 542 2072 ἃ
568 2033 685 2072 statua
710 2042 818 2073 vetus
845 2033 981 2072 Pinarii
1007 2034 1132 2073 Nattae
1153 2034 1335 2082 dejeerae,
1364 2035 1397 2073 8:
1423 2033 1553 2084 legum

267 2105 344 2131 aera
378 2091 595 2142 liquefacta.
633 2093 683 2132 de
718 2093 775 2132 his
802 2093 965 2132 consulti
995 2092 1235 2143 haruspices,
1268 2100 1438 2133 cum'ex
1470 2103 1552 2134 tota

267 2155 420 2196 Etruria
445 2155 728 2203 convenissent,
754 2155 915 2194 incendia
940 2156 1138 2207 templorum
1153 2185 1164 2203 ‚
1188 2156 1362 2193 interitum
1384 2154 1495 2207 legum
1515 2154 1552 2192 Ge

270 2218 406 2269 imperii
437 2219 730 2272 appropinquare,
754 2217 955 2256 dixerunt:
986 2217 1087 2270 idque
1117 2217 1303 2269 periculum
1334 2232 1356 2254 a
1386 2217 1552 2264 civibus,

271 2278 381 2334 iisque
409 2278 520 2316 nobili
541 2279 646 2331 stirpe
666 2278 850 2331 prognatis
863 2307 876 2325 ,
899 2278 1081 2318 imminere.
1111 2279 1243 2329 Itaque
1265 2278 1348 2318 ludi
1378 2291 1442 2330 per
1469 2279 1554 2317 dies

320 2402 341 2445 ς
367 2401 491 2434 XXIV.
513 2401 642 2435 Sallust.
659 2402 781 2435 Ascon.
798 2402 943 2435 Diodor.
958 2401 1029 2435 Cic.
1045 2415 1106 2442 pro
1123 2403 1270 2437 Muraen.
1291 2415 1319 2440 c.
1334 2414 1387 2437 20.
1412 2401 1558 2448 §XXV-

272 2445 348 2483 Cic.
370 2458 433 2495 pro
456 2447 606 2482 Muraen.
633 2447 764 2482 Sallust.
791 2447 937 2482 Diodor.
959 2448 1102 2482 Sueton.
1125 2447 1251 2483 Ascon.
