1675 2959
297 133 1136 213 1NL03c-.L113.C111L1V.
1297 182 1380 229 ης

111 270 272 319 odium,
311 271 527 310 tribunatus
556 272 698 310 viribus
730 271 884 322 exsequi
925 271 1115 322 gestiebat.
1155 274 1189 312 ἃ
1211 286 1260 312 ne
1293 288 1388 324 pro-

111 342 263 383 pterea,
298 334 402 383 quod
439 341 518 381 erat
549 334 752 384 patricius,
796 335 1043 384 impediretur
1070 343 1225 385 petere,
1254 349 1320 386 per
1344 337 1388 376 G,

112 395 357 435 Herennium
395 395 589 433 tribunum
621 394 744 445 plebis
774 397 896 447 legem
934 396 1254 447 promulgandam
1286 410 1390 437 curae

105 467 236 505 verat,
271 469 314 495 ut
337 458 518 510 universus
541 459 694 510 populus
724 459 762 496 in
791 475 909 512 campo
931 461 1068 499 Martio
1085 460 1291 513 fiffagium
1311 460 1386 514 fier·-

103 531 177 567 νει,
209 534 276 571 quo
303 521 351 559 P.
379 520 538 568 Clodius,
567 520 700 572 ejurato
723 523 938 574 patriciatu,
960 522 1119 576 plebejus
1144 523 1230 575 fft.

158 590 284 631 LXII.
317 592 405 631 Hoc
431 591 627 641 perfeeto,
656 593 731 640 jam
757 605 827 642 pro
857 591 1010 642 plebejo
1042 592 1079 631 se
1111 604 1267 643 gerens,
1298 606 1389 634 cum

103 665 239 692 omnes
265 654 411 703 semper
436 653 589 692 Claudii
622 653 789 703 patriciae
817 656 940 703 gentis
967 654 1143 693 acerrimi
1174 668 1390 706 propugnffi

103 723 204 754 tores
240 715 506 764 affertoresque
536 716 629 764 juris
665 715 910 765 optimatium
942 715 1117 764 fuiffent,
1153 717 1391 758 tribunatum

103 778 226 828 coepit
250 787 403 828 petere:
435 778 498 816 sed
517 779 565 828 Q.
585 777 765 817 Metellus
786 776 938 825 consul,
961 778 1237 829 virxegregiuffi
1265 781 1300 819 δε
1324 793 1389 830 ρει.

103 841 182 880 triae
200 854 354 890 amans,
383 841 642 891 impediebat,
667 849 770 879 tanta
797 841 1046 879 contentione
1073 842 1219 890 animi,
1245 850 1287 880 ut
1314 857 1390 880 eum

95 905 166 957 fita
184 906 224 957 se
251 919 356 943 manu
380 905 624 956 interftffurum
645 903 809 950 diceret,
831 915 1063 953 quamquam
1083 905 1196 942 frater
1218 907 1299 953 ejus
1322 919 1391 955 pa-

103 965 234 1005 truelis
263 974 353 1004 erat,
383 966 457 1004 Sed
480 964 688 1003 maximum
720 964 751 1001 ei
779 971 911 1002 contra
940 965 1120 1004 Herennii
1149 968 1390 1015 rogationem

102 1035 371 1078 argumentum
393 1035 496 1075 erat,
521 1026 624 1076 quod
648 1024 841 1075 negabat,
864 1026 930 1077 'nst
955 1025 1099 1065 Curiata
1121 1026 1212 1080 lege,
1244 1033 1325 1066 reae
1348 1031 1391 1068 de

106 1089 175 1127 illa
203 1089 308 1140 cauſsa
327 1088 416 1141 ferri
439 1088 597 1141 potuiffi’.

158 1157 319 1198 --LXHL
345 1157 462 1207 Igitur
485 1155 646 1195 tribunis
667 1153 748 1195 aliis
768 1156 1112 1206 intercedentibus,
1128 1165 1208 1197 tum
1232 1160 1392 1209 quidem

103 1220 210 1260 irrita
239 1221 273 1260 P.
302 1219 430 1259 Clodii
460 1219 592 1258 astutia
626 1219 709 1258 fuit.
742 1219 820 1259 Lex
851 1219 1020 1269 deinde,
1049 1223 1203 1260 auctore
1230 1215 1278 1271 Q
1309 1222 1394 1261 Me.

102 1282 195 1322 tello
217 1284 370 1332 Nepote
385 1311 395 1329 ,
423 1282 486 1331 qui
513 1290 715 1332 praeturam
733 1281 911 1331 gerebat,
939 1284 981 1320 de
1001 1283 1215 1336 abrogandis
1233 1285 1330 1322 urbis
1356 1286 1392 1325 6·

107 1346 222 1384 ltaliae
245 1345 412 1398 portoriis
437 1343 583 1394 perlata
617 1344 680 1383 est.
719 1344 817 1384 Cum
844 1353 946 1396 grata
980 1345 1041 1385 lex
1070 1345 1161 1385 effet
1187 1347 1394 1398 omnibus,

104 1421 185 1448 non
214 1418 292 1447 tam
325 1407 375 1446 ob
406 1408 642 1458 portorium,
673 1421 787 1457 quam
815 1408 1020 1448 nonnullas
1046 1409 1202 1458 injurias
1228 1412 1393 1461 portito-

102 1482 211 1516 rum·,
244 1478 372 1508 tamen
396 1470 527 1508 auetor
563 1467 805 1518 displiceret:
836 1483 882 1508 eo
910 1470 1060 1509 senatus
1083 1470 1318 1519 inclinabat,
1350 1480 1392 1511 ut

108 1529 284 1581 exemplo
315 1530 725 1577 Lacedaemoniorum,
757 1532 832 1580 qui'
854 1533 1103 1571 commodam
1140 1532 1392 1583 sententiam,

105 1593 153 1633 ab
179 1593 356 1644 improbo
375 1594 457 1631 viro
485 1593 651 1641 dietam,
672 1595 792 1643 repeti
818 1607 837 1632 a
857 1594 1039 1644 probato,
1069 1604 1181 1644 atque
1206 1596 1295 1635 huic
1319 1597 1387 1635 ad·

108 1654 246 1703 scribi,
271 1655 478 1704 jufferunt,
507 1653 659 1693 alterius
689 1666 802 1705 quam
835 1656 999 1706 Nepotis
1028 1669 1173 1695 nomen
1203 1657 1276 1709 legi
1301 1670 1394 1709 prae,

104 1716 343 1758 scriberetur.
367 1718 442 1758 Sed
459 1717 499 1758 id
513 1718 668 1768 quidem
688 1717 886 1758 omissum:
909 1718 1082 1758 voluntas
1097 1729 1225 1759 tamen
1246 1720 1392 1771 specta.

105 1788 144 1820 ta
166 1779 315 1820 senatus
343 1781 406 1820 est.

160 1841 296 1881 LXIV.
325 1841 472 1881 Eodem
494 1855 597 1881 anno
612 1841 791 1890 Faustus,
810 1839 921 1882 Sullae
938 1840 1137 1881 dietatoris
1161 1842 1283 1891 filius,
1308 1857 1390 1884 mu-

107 1916 197 1943 nere
221 1896 602 1955 gladiatorio‚'quod
627 1905 665 1943 in
691 1899 808 1954 patris
837 1904 1028 1944 honorem
1056 1905 1195 1946 edebat
1208 1933 1223 1955 ,f
1239 1909 1388 1958 populo

105 1966 523 2017 magnificentifflmum
557 1967 740 2018 epulum,
772 1966 1026 2017 balneumque
1052 1970 1086 2008 ἃ
1114 1968 1243 2008 oleum
1267 1972 1391 2011 dedit.

108 2029 347 2080 Apollinares
385 2043 537 2080 quoque
564 2030 647 2070 ludi
675 2031 876 2082 magnifice
905 2032 1024 2071 faeti:
1055 2032 1273 2083 primusque
1308 2044 1394 2075 tum

107 2091 147 2132 P.
169 2092 349 2142 Spinther
366 2092 566 2131 theatralia
583 2092 665 2132 vela
683 2100 729 2133 ex
744 2092 899 2133 carbaso
925 2095 1045 2133 duxit.
1067 2094 1232 2133 ostendit
1254 2098 1289 2136 ἃ
1314 2109 1397 2136 am-

110 2151 249 2203 phoras
276 2166 322 2192 ex
347 2152 523 2205 onyche,
550 2153 738 2193 Chiorum
769 2156 1034 2206 magnitudine
1055 2157 1262 2198 cadorum:
1288 2160 1395 2208 quod

109 2226 257 2266 magnae
288 2225 372 2255 tum
407 2215 675 2265 admirationi,
707 2229 780 2256 nec
811 2217 997 2257 diuturnae
1035 2217 1135 2268 fuit,
1169 2229 1258 2258 cum
1293 2220 1395 2259 intra.

155 2354 178 2398 ξ
201 2355 287 2388 LXI.
305 2355 378 2388 Cic.
397 2356 437 2388 ad
458 2356 502 2398 Q.
521 2357 615 2392 fratr.
640 2370 652 2391 ι
668 2384 677 2400 ,
696 2368 725 2391 1.
740 2357 882 2391 Diodor.
900 2358 990 2392 Plut.
1008 2371 1107 2403 praec.
1130 2360 1229 2402 polit.
1252 2359 1273 2403 §
1289 2358 1394 2395 LXH.

115 2406 188 2439 Cic.
212 2407 244 2439 in
272 2408 428 2440 Varium.
454 2419 506 2450 13.
534 2408 621 2444 Prin.
646 2420 704 2454 19,
728 2421 757 2453 5.
781 2410 802 2456 §
827 2404 946 2444 LXIII.
968 2412 1110 2452 Swueton.
1131 2412 1165 2442 in
1182 2410 1266 2444 Caes.
1288 2423 1319 2445 c,
1339 2413 1393 2451 18,

115 2456 202 2492 Plut.
231 2458 374 2501 Appian.
397 2459 490 2494 civil.
513 2461 536 2494 Ι.
560 2472 594 2494 2,
1050 2511 1094 2558 Η

1118 2529 1144 2557 2
