1675 2959
290 76 381 136 ηε
451 91 540 137 JO.
593 93 1100 142 FRE1NSHEM11
1137 98 1484 147 supp-LEM.-

289 198 490 247 queritur,
517 199 731 240 rescindere
765 204 850 241 ac'ta
884 211 1014 252 parat:
1049 204 1234 255 Pompejo
1260 206 1464 258 Craffoque
1492 209 1584 248 rest-³

285 258 498 309 fientibus,
523 261 714 312 plerisque
739 273 846 302 metu
871 273 936 303 aut
960 278 1089 305 errore
1115 268 1274 318 quietis,
1295 270 1394 310 nihil
1422 285 1582 321 promo·

286 333 408 363 vetur.
448 325 566 374 Igitur
591 325 774 374 Bibulus,
810 326 849 365 in
881 326 1071 378 reliquum
1105 330 1195 369 anni
1226 339 1378 383 tempus
1408 334 1579 387 (menses

285 395 419 425 autem
443 389 531 426 octo
561 386 810 437 supererant)
838 388 944 427 domi
967 388 1004 427 se
1026 391 1246 441 continens,
1267 395 1425 434 tandem
1452 395 1581 446 agenti

289 446 438 496 aliquid
473 446 605 486 Caesari
632 447 749 498 ferias
786 448 849 501 effi
881 449 1134 491 obnuntiabat
1165 466 1232 502 per
1259 455 1395 494 edida.
1435 456 1509 496 Sed
1540 457 1578 496 P-

288 507 463 547 Vatinius
489 508 666 547 tribunus
691 509 814 560 plebis
839 510 1065 561 levissimus,
1090 514 1154 564 qui
1177 516 1213 560 &2
1238 528 1362 566 nuper
1382 519 1581 559 consulem

287 569 332 608 in
363 569 515 607 vincula
541 570 682 609 ducere
706 580 864 611 conatus
893 583 996 621 erat,
1027 576 1213 616 viatorem
1243 578 1366 626 misit,
1399 580 1463 630 qui
1486 593 1579 620 eum

290 631 411 670 domo
441 633 477 670 vi
502 632 732 672 extraheret.
773 636 873 674 Nam
900 636 964 675 hic
984 637 1023 676 se
1043 640 1092 678 ad
1116 640 1247 680 omnia
1267 640 1418 680 Caesaris
1444 644 1580 693 cupita

236 714 239 717 ·
283 694 504 744 figniferum
527 696 726 745 praestabat
745 710 754 736 ς
780 700 883 737 unde
898 700 1055 750 Cicero,
1069 703 1259 743 occultius
1280 706 1328 744 ad
1342 706 1509 745 Atticum
1529 707 1579 746 de

284 755 347 795 his
367 756 604 805 temporibus
631 757 814 806 scribens,
831 761 1067 799 Athenionem
1091 774 1225 813 vocat,
1251 778 1340 805 cum
1362 766 1428 805 illo
1452 767 1580 806 servo-

286 830 372 856 tum
395 819 434 855 in
458 816 585 857 Sicilia
611 819 732 869 duce,
760 820 943 863 viliffimae
962 824 1090 875 plebis
1116 828 1356 868 concitorem
1382 829 1579 870 Vatinium

286 888 524 927 comparans.
1203 903 1205 905 ·
1440 935 1443 939 .
1563 916 1565 918 -

341 940 464 979 XCII.
494 940 577 980 Nec
611 954 660 982 ex
687 950 770 982 toto
793 942 860 984 illo
885 946 1052 997 collegio
1077 949 1278 1000 quisquam
1302 951 1370 991 illo
1394 965 1496 992 anno
1524 952 1579 993 le·

290 1014 378 1051 gem
410 1001 522 1051 tulit,
548 1014 637 1042 cum
670 1018 789 1044 nemo
820 1019 898 1045 non
929 1007 1088 1049 haberet
1124 1013 1411 1064 promulgatas,
1444 1024 1577 1066 praetet

286 1063 482 1102 Vatinium
501 1093 511 1111 ‚
541 1063 605 1113 qui
639 1077 711 1104 nec
739 1066 929 1116 auspicia,
967 1082 1038 1108 nec
1059 1071 1200 1111 AEliam
1220 1073 1444 1126 Fufiamque
1472 1076 1578 1128 leges

288 1125 459 1165 curabat.
500 1125 679 1166 Ceterum
712 1127 869 1178 collegis
898 1131 1040 1169 Vatinii
1078 1132 1430 1184 intercedentibus,
1463 1138 1580 1178 Bibu-

285 1185 346 1224 lus
375 1186 528 1226 omissus
561 1188 601 1226 in
630 1189 854 1239 praesentia,
888 1191 983 1230 nihil
1009 1194 1136 1243 postea
1165 1208 1290 1245 neque
1322 1197 1422 1250 ipse,
1448 1212 1574 1250 neque

287 1248 457 1297 tribuni,
489 1249 555 1299 qui
581 1261 669 1288 cum
693 1263 739 1289 eo
766 1251 978 1302 senserant,
1013 1256 1190 1306 publicae.
1213 1260 1267 1298 rei
1296 1271 1464 1311 egerunt.
1499 1265 1578 1303 Ad-

290 1309 368 1348 huc
396 1311 434 1348 in
457 1309 582 1360 legem
612 1310 729 1362 aliqui
753 1313 972 1355 senatorum
996 1331 1075 1356 non
1097 1322 1338 1371 juraverant,
1367 1324 1414 1374 Q.
1437 1324 1580 1365 Metel.

286 1374 347 1414 lus
375 1374 505 1423 Celer,
528 1375 750 1426 exemplum
779 1378 979 1418 Numidici
1006 1382 1196 1433 referen83
1224 1385 1281 1424 M.
1306 1385 1423 1431 Cato,
1452 1389 1487 1428 ἅ
1507 1388 1583 1427 hu-

288 1438 350 1485 jus
384 1435 637 1475 imitationem
665 1437 845 1478 affectans
873 1440 930 1480 M.
955 1441 1156 1485 Favonius.
1193 1446 1343 1486 Idcirco
1374 1448 1495 1489 Caesar
1521 1449 1578 1489 le·

287 1509 377 1547 gem
403 1496 516 1545 tulit,
542 1510 604 1547 ut,
632 1500 692 1551 qui
723 1512 845 1538 certam
870 1514 952 1540 ante
984 1505 1075 1542 diem
1103 1521 1169 1546 non
1193 1507 1364 1560 junlffet,
1392 1511 1578 1563 capitalem

282 1559 445 1611 fiaudcm
457 1559 606 1612 frausus
627 1560 717 1613 effit.
760 1561 834 1601 Hic
859 1572 1007 1614 metus,
1033 1580 1080 1606 an
1104 1569 1191 1618 quia
1208 1599 1218 1617 ‚
1250 1569 1333 1619 lege
1353 1573 1432 1620 jam
1458 1573 1578 1623 perla.

286 1629 351 1669 ta,
371 1619 467 1659 nihil
487 1634 534 1660 ex
559 1620 624 1660 sua
645 1620 862 1664 calamitate
886 1629 1083 1667 commodi
1113 1642 1382 1679 perventurum
1404 1635 1453 1674 ad
1477 1648 1576 1674 rem-

287 1680 486 1733 publicam
513 1691 615 1732 (πεῖ,
651 1684 686 1723 &
713 1682 800 1724 illos
819 1714 830 1734 ,
867 1688 902 1726 ἃ
931 1687 1102 1728 tribunos
1135 1691 1259 1741 plebis
1291 1693 1340 1732 ad
1365 1695 1576 1743 jurandum

289 1741 430 1790 adegit.
1143 1776 1145 1778 -

344 1802 485 1842 XCIII.
525 1803 589 1843 Sic
624 1803 690 1845 ille
725 1819 805 1847 non
833 1808 952 1848 modo
979 1823 1137 1861 agrum,
1168 1812 1218 1853 de
1248 1828 1325 1865 quo
1359 1827 1575 1867 pugnatum

287 1873 394 1911 erat,
425 1865 572 1914 divifit3
600 1865 664 1906 sed
682 1869 820 1920 etiam,
845 1873 909 1922 qui
941 1885 1124 1925 exceptus
1149 1885 1261 1916 antea
1283 1878 1431 1927 fuerat,
1456 1880 1576 1920 Cam-

287 1941 433 1979 panum
458 1928 735 1981 Stellatemque
760 1943 867 1973 extra
888 1934 1027 1975 sortem
1058 1938 1166 1977 dedit
1194 1940 1361 1989 patribus
1385 1942 1574 1991 familias,

290 1990 428 2040 quibus
457 1991 553 2029 terni
583 2002 649 2031 aut
677 2006 722 2032 eo
746 1994 872 2044 plures
898 1995 1005 2036 liberi
1031 1997 1160 2039 essent.
1196 1999 1337 2040 horum
1369 2003 1415 2041 ad
1439 2005 1576 2053 viginti

289 2051 407 2090 millia
430 2053 591 2102 reperti:
628 2056 664 2094 ἃ
687 2055 733 2094 ab
755 2070 802 2096 eo
832 2059 999 2109 primum
1028 2071 1201 2112 tempore
1238 2064 1403 2104 coloniis
1431 2065 1576 2105 Roma-

290 2115 350 2153 nis
381 2126 655 2156 connumerata
686 2119 817 2170 Capua
851 2122 925 2170 est⁷
960 2135 1050 2163 cum
1087 2126 1237 2164 circiter
1263 2140 1381 2166 annos
1415 2139 1574 2169 centum

290 2177 566 2227 quinquaginta
588 2182 821 2230 prael‘eelurae
842 2184 1006 2225 formam
1030 2200 1249 2238 nomenque
1273 2188 1469 2228 habuiss'et.
1502 2190 1574 2229 l-lis

289 2238 437 2290 legibus
460 2239 602 2291 ingenti
629 2244 677 2282 ad
697 2245 888 2295 populum
917 2250 1065 2299 quaefita
1087 2251 1232 2300 gratia,
1260 2265 1335 2302 quo
1356 2252 1569 2305 equestrem

296 2363 478 2440 VQXCI.
504 2366 590 2398 l'lut.
621 2366 762 2401 Sueten.
786 2367 819 2401 in
847 2369 929 2403 Caez'.
955 2384 982 2406 c.
1010 2383 1063 2407 227.
1088 2372 1231 2409 Diodor.
1261 2373 1282 2419 5
1307 2374 1415 2409 XCII.
1443 2375 1512 2410 Cic.
1535 2375 1569 2408 in

329 2417 409 2440 ann.
433 2422 459 2440 c,
487 2421 515 2450 ς,
