1675 2959
286 121 359 173 <30
436 105 547 179 jo,
594 99 1103 150 FREINSHEMII
1136 96 1484 147 SUPPLEM.·

295 217 332 256 &
357 213 477 265 usque
510 213 560 252 ad
585 210 702 251 valles
735 217 823 249 ante
848 208 1022 259 Pompeji
1058 208 1174 247 castra
1208 207 1316 255 snas,
1345 206 1575 257 pabulatus,

294 278 486 328 colloquia
501 288 653 327 quoque
676 282 764 312 cum
786 271 981 324 pluribus,
1005 270 1220 311 avertendae
1241 270 1462 321 suspicionis
1487 282 1580 309 cau·

289 342 351 390 sa,
385 343 427 379 in
450 339 641 390 posterum
664 336 766 375 diem
787 331 995 373 Eonrrituit.
1303 328 1305 330 ’

350 401 479 444 XXV.
509 398 666 449 Ignibus
703 396 843 436 deinde
879 392 1202 445 frequentioribus
1236 401 1304 444 per
1341 400 1423 432 tota
1460 392 1580 432 castra

294 465 376 506 fieri
402 461 532 513 juffis,
563 460 730 499 secunda
756 457 913 509 vigilia,
949 455 1049 495 nihil
1084 455 1161 495 tale
1185 455 1399 505 suspicante
1418 455 1582 504 Pompe-

294 529 336 577 jo
355 555 366 573 ,
393 532 526 575 praeter
556 519 701 559 vallum
729 520 811 568 eJus
834 517 971 557 eduxit
993 515 1383 566 validamrcopiarum
1405 524 1578 566 partem:

298 601 389 628 cum
410 596 520 625 antea
537 613 547 632 ,
563 583 678 633 quod
704 580 841 620 inutile
867 582 904 620 δι
925 590 1067 629 aegrum
1089 580 1130 617 in
1158 578 1282 616 castris
1307 577 1430 616 fuerat
1445 607 1457 626 ,
1481 577 1583 616 occi-

299 650 421 691 differ.
458 647 514 688 Ad
533 646 740 695 Tigranem
771 641 939 680 habebat
961 645 1033 680 iter
1050 671 1062 691 ,
1093 649 1137 680 ut
1159 640 1259 679 illius
1287 640 1424 690 opibus
1453 649 1582 690 prote-

300 720 458 765 geretur.
479 708 543 748 sed
560 706 665 745 haud
689 702 812 742 multo
836 702 995 741 meliore
1011 703 1052 740 in
1073 702 1168 741 statu
1185 714 1242 741 res
1263 702 1439 753 Tigranis
1460 710 1583 751 erant,

301 775 532 824 Gordyenen
559 775 753 819 repetente
779 763 918 805 Partho
933 793 944 812 ,
974 765 1032 811 &,
1055 762 1255 813 postquam
1286 776 1365 802 non
1389 763 1554 803 dabatur
1569 793 1582 812 ,

299 838 414 878 armis
434 841 594 873 vexante
612 828 850 870 Armeniam:
869 826 1053 876 quodque
1073 826 1182 865 omni
1206 833 1361 865 externo
1384 825 1486 865 bello
1503 835 1585 865 erat

302 898 471 950 gravius,
501 894 687 943 Tigranes
718 887 938 929 adolescens
963 899 1065 925 arma
1089 896 1222 925 contra
1242 897 1387 937 patrem
1416 895 1585 937 ceperat.

300 961 396 1002 Tres
421 957 582 997 omnino
617 952 717 992 filios
742 963 763 989 e
790 948 994 998 Cleopatra
1024 946 1266 987 Mithridatis
1298 947 1372 986 filia
1395 949 1586 999 Tigranes

300 1019 521 1063 sustulerat:
557 1027 719 1067 quorum
753 1013 830 1052 duo
855 1024 874 1050 a
900 1019 1008 1061 patre
1031 1018 1138 1048 erant
1164 1010 1380 1050 interfecti}
1412 1011 1589 1052 Sariaster

304 1086 347 1126 in
375 1083 537 1135 proelio,
560 1092 671 1126 curn,
692 1077 784 1116 inita
811 1074 1094 1124 conspiratione
1122 1086 1211 1112 cum
1237 1075 1397 1122 amicis,
1435 1073 1589 1113 hausto.

303 1159 378 1198 que
404 1145 623 1184 dextrarum
646 1138 851 1188 sanguine,
875 1136 956 1175 vim
975 1133 1158 1184 paraffet3
1184 1134 1277 1174 alter
1300 1136 1340 1174 in
1361 1135 1588 1182 venatione,

305 1208 412 1259 quod
440 1205 528 1256 equi
554 1201 661 1253 lapsu
695 1199 930 1250 praecipitem
956 1206 1107 1248 patrem
1133 1210 1255 1248 neque
1283 1197 1520 1247 sublevarat,
1553 1200 1592 1238 δε

307 1270 466 1324 jacentis
489 1267 618 1307 adhuc
647 1264 825 1303 diadema
854 1260 1061 1312 capitisuo
1087 1261 1333 1312 imposuerat.

361 1331 508 1373 XXVI.
539 1327 690 1368 Tertius
719 1326 928 1376 Tigranes,
958 1323 1061 1381 quod
1087 1325 1201 1374 patris
1230 1323 1316 1362 casu
1349 1323 1600 1374 indoluerat,

306 1407 449 1437 corona
467 1393 515 1432 ab
541 1404 586 1430 eo
608 1391 772 1430 donatus
799 1387 862 1427 est.
894 1387 970 1428 Sed
994 1387 1098 1426 idem
1119 1386 1251 1443 'postea
1268 1416 1279 1433 ,
1309 1387 1594 1427 deducentibus

310 1457 542 1510 quibusdam
578 1452 817 1505 principibus
853 1451 1119 1490 Armeniorum
1141 1480 1152 1499 ,
1194 1450 1254 1500 qui
1290 1450 1386 1490 senis
1428 1451 1594 1501 imperio

309 1518 563 1571 gravabantur
581 1544 592 1561 ,
622 1514 671 1552 ad
698 1512 896 1552 Phraatem
926 1511 1181 1562 confugerat,
1209 1511 1364 1562 ejusque
1400 1513 1514 1552 duch
1552 1513 1597 1552 fi-

308 1584 382 1629 lia,
409 1581 627 1632 praecipuus
661 1577 886 1615 invadendae
911 1576 1097 1615 Armeniae
1124 1576 1255 1614 auctor
1281 1574 1485 1614 exstiterat.
1516 1575 1592 1626 Igi-

308 1654 370 1686 tur
396 1644 596 1689 Phraates,
625 1639 893 1680 deficientibus
916 1639 965 1679 ad
986 1652 1097 1686 eum,
1122 1647 1184 1677 aut
1205 1639 1243 1676 vi
1274 1636 1461 1687 subactis„
1484 1647 1597 1689 quot-

310 1715 406 1759 quot
433 1705 481 1746 ad
514 1707 693 1745 Artaxata
721 1702 836 1752 usque
871 1701 1075 1748 colebant,
1116 1699 1234 1754 (quia
1272 1710 1380 1751 pater
1408 1701 1596 1750 Tigranes

310 1780 415 1811 metu
447 1767 672 1809 Parthorum
703 1767 742 1804 in
777 1775 927 1804 montes
960 1765 1180 1815 refugerat)
1223 1763 1356 1802 urbem
1395 1762 1597 1802 obsidione

312 1833 444 1872 cinxit.
475 1844 518 1870 ea
545 1843 634 1869 curn
667 1829 883 1867 diuturnior
905 1827 1033 1866 futura
1059 1826 1276 1872 videretur,
1302 1824 1383 1875 ipse
1409 1825 1513 1876 regni
1541 1824 1597 1864 sui

312 1894 478 1945 negotiis
500 1899 696 1938 avocatus,
722 1899 868 1940 partem
883 1889 1079 1939 copiarum
1102 1901 1242 1944 genero
1265 1887 1429 1937 reliquit.
1457 1889 1503 1925 At
1528 1899 1596 1926 rex

312 1958 520 2008 Tigranes,
555 1955 711 1994 discessu
748 1952 915 1993 Phraatis
945 1953 1123 2002 cognito,
1150 1951 1324 1990 relictum
1359 1949 1409 1988 ad
1444 1951 1598 1988 Artaxa-

314 2027 352 2058 tn
391 2017 511 2058 filium
553 2017 704 2067 egregie
740 2015 842 2053 vicit.
894 2013 1053 2061 Juvenis
1091 2013 1139 2051 ad
1180 2024 1293 2050 avum
1325 2009 1598 2050 Mithridatem

313 2082 419 2133 prius
445 2080 611 2119 intendit
635 2079 790 2128 fugam,
824 2076 988 2123 deinde,
1005 2076 1187 2125 cognito,
1215 2073 1338 2124 ipsum
1368 2075 1493 2123 potius
1514 2085 1600 2123 ege-

315 2156 356 2182 re
377 2143 532 2189 auxilii,
555 2155 670 2193 quain
693 2138 868 2180 auxiliari
893 2139 1070 2189 cuiquam
1104 2136 1208 2189 poffe
1224 2166 1235 2185 ,
1270 2136 1310 2174 in
1340 2135 1514 2186 Pompeji
1537 2148 1598 2175 ca*

315 2207 385 2246 stra
409 2206 524 2244 venit.

371 2268 534 2308 XXVII.
565 2267 668 2307 Inter
691 2265 773 2305 haec
801 2265 966 2306 reversus
996 2266 1037 2305 in
1060 2265 1194 2305 urbem
1218 2262 1420 2311 Lucullus,
1441 2263 1598 2302 fratrem

369 2390 391 2435 §
416 2392 540 2424 XXIV.
565 2392 653 2425 Plnt.
675 2391 708 2421 in
733 2390 846 2432 Pomp.
868 2402 895 2422 c.
917 2402 965 2425 52-
983 2387 1248 2421 Diodor.F1·0nt
1279 2388 1422 2421 Aonian.
1444 2386 1464 2422 Ε
1489 2383 1599 2417 XXV.

332 2437 475 2482 Appiam.
500 2437 588 2471 Plut.
609 2435 753 2470 Diodor.
779 2436 801 2467 l.
827 2445 880 2480 37.
903 2436 978 2468 Liv.
1002 2435 1092 2479 Epit-
1115 2433 1135 2478 ᾗ
1155 2434 1280 2470 xxvi.
1304 2432 1444 2467 Diodes.
1469 2431 1557 2464 Plut.
