<?xml version="1.0" encoding="UTF-8"?>
<!DOCTYPE html PUBLIC "-//W3C//DTD XHTML 1.0 Transitional//EN"
    "http://www.w3.org/TR/xhtml1/DTD/xhtml1-transitional.dtd">
<html xmlns="http://www.w3.org/1999/xhtml" xml:lang="en" lang="en">
 <head>
  <title>
</title>
<meta http-equiv="Content-Type" content="text/html;charset=utf-8" />
  <meta name='ocr-system' content='tesseract 3.04.00' />
  <meta name='ocr-capabilities' content='ocr_page ocr_carea ocr_par ocr_line ocrx_word'/>
</head>
<body>
  <div class='ocr_page' id='page_1' title='image "./historiarumlibri10livyuoft_0286.png"; bbox 0 0 1675 2959; ppageno 0'>
   <div class='ocr_carea' id='block_1_1' title="bbox 297 109 1489 182">
    <p class='ocr_par' dir='ltr' id='par_1_1' title="bbox 297 109 1489 182">
     <span class='ocr_line' id='line_1_1' title="bbox 297 109 1489 182; baseline -0.001 -14"><span class='ocrx_word' id='word_1_1' title='bbox 297 137 394 182; x_wconf 80' lang='lat'>254</span> <span class='ocrx_word' id='word_1_2' title='bbox 461 119 551 167; x_wconf 80' lang='lat'>10.</span> <span class='ocrx_word' id='word_1_3' title='bbox 601 118 1104 168; x_wconf 76' lang='lat' dir='ltr'>FREINSHEMH</span> <span class='ocrx_word' id='word_1_4' title='bbox 1141 109 1489 167; x_wconf 63' lang='lat' dir='ltr'>suppum.-</span> 
     </span>
    </p>
   </div>
   <div class='ocr_carea' id='block_1_2' title="bbox 292 225 1590 2263">
    <p class='ocr_par' dir='ltr' id='par_1_2' title="bbox 293 225 1587 714">
     <span class='ocr_line' id='line_1_2' title="bbox 296 225 1584 278; baseline -0.001 -10"><span class='ocrx_word' id='word_1_5' title='bbox 296 229 374 268; x_wconf 82' lang='lat' dir='ltr'>cifi.</span> <span class='ocrx_word' id='word_1_6' title='bbox 403 241 492 268; x_wconf 86' lang='lat' dir='ltr'>nam</span> <span class='ocrx_word' id='word_1_7' title='bbox 517 228 647 267; x_wconf 87' lang='lat' dir='ltr'>infima</span> <span class='ocrx_word' id='word_1_8' title='bbox 668 225 776 277; x_wconf 84' lang='lat' dir='ltr'><strong>plebs</strong></span> <span class='ocrx_word' id='word_1_9' title='bbox 807 229 842 266; x_wconf 88' lang='lat'>&amp;</span> <span class='ocrx_word' id='word_1_10' title='bbox 867 227 1061 266; x_wconf 81' lang='lat' dir='ltr'>servorum</span> <span class='ocrx_word' id='word_1_11' title='bbox 1087 239 1225 278; x_wconf 86' lang='lat' dir='ltr'>magna</span> <span class='ocrx_word' id='word_1_12' title='bbox 1251 226 1458 267; x_wconf 88' lang='lat' dir='ltr'>multitudo</span> <span class='ocrx_word' id='word_1_13' title='bbox 1480 238 1584 267; x_wconf 81' lang='lat' dir='ltr'>arma</span> 
     </span>
     <span class='ocr_line' id='line_1_3' title="bbox 294 287 1585 342; baseline -0.002 -12"><span class='ocrx_word' id='word_1_14' title='bbox 294 291 583 342; x_wconf 78' lang='lat' dir='ltr'>corripuerant:</span> <span class='ocrx_word' id='word_1_15' title='bbox 612 292 648 329; x_wconf 74' lang='grc' dir='ltr'>δε</span> <span class='ocrx_word' id='word_1_16' title='bbox 674 302 743 339; x_wconf 91' lang='lat' dir='ltr'>per</span> <span class='ocrx_word' id='word_1_17' title='bbox 764 287 917 328; x_wconf 85' lang='lat' dir='ltr'>causam</span> <span class='ocrx_word' id='word_1_18' title='bbox 941 288 1232 338; x_wconf 76' lang='lat' dir='ltr'>quaerendorum</span> <span class='ocrx_word' id='word_1_19' title='bbox 1259 287 1419 328; x_wconf 81' lang='lat' dir='ltr'>Milonis</span> <span class='ocrx_word' id='word_1_20' title='bbox 1438 290 1585 327; x_wconf 88' lang='lat' dir='ltr'>amico-</span> 
     </span>
     <span class='ocr_line' id='line_1_4' title="bbox 297 350 1585 402; baseline -0.002 -10"><span class='ocrx_word' id='word_1_21' title='bbox 297 366 383 392; x_wconf 87' lang='lat' dir='ltr'>rum</span> <span class='ocrx_word' id='word_1_22' title='bbox 400 383 412 401; x_wconf 87' lang='lat'>,</span> <span class='ocrx_word' id='word_1_23' title='bbox 436 352 598 391; x_wconf 67' lang='lat' dir='ltr'>effractis</span> <span class='ocrx_word' id='word_1_24' title='bbox 621 352 809 390; x_wconf 90' lang='lat' dir='ltr'>domuum</span> <span class='ocrx_word' id='word_1_25' title='bbox 828 353 863 390; x_wconf 86' lang='lat'>&amp;</span> <span class='ocrx_word' id='word_1_26' title='bbox 889 350 1093 390; x_wconf 79' lang='lat' dir='ltr'>insularum</span> <span class='ocrx_word' id='word_1_27' title='bbox 1125 351 1296 400; x_wconf 85' lang='lat' dir='ltr'>foribus,</span> <span class='ocrx_word' id='word_1_28' title='bbox 1318 351 1466 402; x_wconf 78' lang='lat' dir='ltr'>praedas</span> <span class='ocrx_word' id='word_1_29' title='bbox 1499 363 1585 402; x_wconf 83' lang='lat' dir='ltr'>age-</span> 
     </span>
     <span class='ocr_line' id='line_1_5' title="bbox 295 412 1586 463; baseline -0.004 -8"><span class='ocrx_word' id='word_1_30' title='bbox 295 416 403 455; x_wconf 86' lang='lat' dir='ltr'>bant.</span> <span class='ocrx_word' id='word_1_31' title='bbox 436 415 502 455; x_wconf 89' lang='lat' dir='ltr'>Per</span> <span class='ocrx_word' id='word_1_32' title='bbox 527 412 671 452; x_wconf 83' lang='lat' dir='ltr'>multos</span> <span class='ocrx_word' id='word_1_33' title='bbox 694 413 785 452; x_wconf 87' lang='lat' dir='ltr'>inde</span> <span class='ocrx_word' id='word_1_34' title='bbox 809 413 890 452; x_wconf 87' lang='lat' dir='ltr'>dies</span> <span class='ocrx_word' id='word_1_35' title='bbox 911 413 1134 453; x_wconf 87' lang='lat' dir='ltr'>continuato</span> <span class='ocrx_word' id='word_1_36' title='bbox 1160 413 1352 462; x_wconf 86' lang='lat' dir='ltr'>tumultu,</span> <span class='ocrx_word' id='word_1_37' title='bbox 1379 426 1468 452; x_wconf 92' lang='lat' dir='ltr'>cum</span> <span class='ocrx_word' id='word_1_38' title='bbox 1489 413 1586 463; x_wconf 84' lang='lat' dir='ltr'>igni-</span> 
     </span>
     <span class='ocr_line' id='line_1_6' title="bbox 298 473 1587 525; baseline -0.003 -9"><span class='ocrx_word' id='word_1_39' title='bbox 298 476 392 525; x_wconf 83' lang='lat' dir='ltr'>bus,</span> <span class='ocrx_word' id='word_1_40' title='bbox 407 475 519 521; x_wconf 79' lang='lat' dir='ltr'>saxis,</span> <span class='ocrx_word' id='word_1_41' title='bbox 532 475 633 513; x_wconf 88' lang='lat' dir='ltr'>ferro</span> <span class='ocrx_word' id='word_1_42' title='bbox 652 473 920 523; x_wconf 81' lang='lat' dir='ltr'>dimicaretur3</span> <span class='ocrx_word' id='word_1_43' title='bbox 944 474 1096 513; x_wconf 84' lang='lat' dir='ltr'>senatus</span> <span class='ocrx_word' id='word_1_44' title='bbox 1113 475 1253 523; x_wconf 88' lang='lat' dir='ltr'>vestem</span> <span class='ocrx_word' id='word_1_45' title='bbox 1270 476 1451 524; x_wconf 87' lang='lat' dir='ltr'>mutavit,</span> <span class='ocrx_word' id='word_1_46' title='bbox 1467 488 1587 515; x_wconf 79' lang='lat' dir='ltr'>omnes</span> 
     </span>
     <span class='ocr_line' id='line_1_7' title="bbox 295 535 1586 590; baseline -0.004 -11"><span class='ocrx_word' id='word_1_47' title='bbox 295 539 416 579; x_wconf 74' lang='lat' dir='ltr'>Italiae</span> <span class='ocrx_word' id='word_1_48' title='bbox 429 537 587 590; x_wconf 82' lang='lat' dir='ltr'>juniores</span> <span class='ocrx_word' id='word_1_49' title='bbox 612 535 819 588; x_wconf 80' lang='lat' dir='ltr'>conjurare,</span> <span class='ocrx_word' id='word_1_50' title='bbox 845 535 1112 589; x_wconf 80' lang='lat' dir='ltr'>Pompejumque</span> <span class='ocrx_word' id='word_1_51' title='bbox 1138 537 1283 574; x_wconf 63' lang='lat' dir='ltr'>deleffus</span> <span class='ocrx_word' id='word_1_52' title='bbox 1309 551 1356 586; x_wconf 56' lang='lat' dir='ltr'>ex</span> <span class='ocrx_word' id='word_1_53' title='bbox 1385 537 1433 574; x_wconf 83' lang='lat' dir='ltr'>iis</span> <span class='ocrx_word' id='word_1_54' title='bbox 1467 537 1586 574; x_wconf 81' lang='lat' dir='ltr'>habere</span> 
     </span>
     <span class='ocr_line' id='line_1_8' title="bbox 297 597 1587 651; baseline -0.002 -12"><span class='ocrx_word' id='word_1_55' title='bbox 297 599 424 649; x_wconf 79' lang='lat' dir='ltr'>jussit:</span> <span class='ocrx_word' id='word_1_56' title='bbox 457 597 592 637; x_wconf 84' lang='lat' dir='ltr'>iterato</span> <span class='ocrx_word' id='word_1_57' title='bbox 618 597 800 647; x_wconf 90' lang='lat' dir='ltr'>decreto,</span> <span class='ocrx_word' id='word_1_58' title='bbox 824 599 980 647; x_wconf 76' lang='lat' dir='ltr'>videret,</span> <span class='ocrx_word' id='word_1_59' title='bbox 1005 613 1046 636; x_wconf 85' lang='lat' dir='ltr'>ne</span> <span class='ocrx_word' id='word_1_60' title='bbox 1067 598 1154 651; x_wconf 63' lang='lat' dir='ltr'>qaid</span> <span class='ocrx_word' id='word_1_61' title='bbox 1180 597 1371 650; x_wconf 79' lang='lat' dir='ltr'>respublica</span> <span class='ocrx_word' id='word_1_62' title='bbox 1393 597 1587 636; x_wconf 61' lang='lat' dir='ltr'>detrimenti</span> 
     </span>
     <span class='ocr_line' id='line_1_9' title="bbox 293 672 482 714; baseline -0.011 -16"><span class='ocrx_word' id='word_1_63' title='bbox 293 672 482 714; x_wconf 66' lang='lat' dir='ltr'>pateretur.</span> 
     </span>
    </p>

    <p class='ocr_par' dir='ltr' id='par_1_3' title="bbox 294 706 1590 1449">
     <span class='ocr_line' id='line_1_10' title="bbox 352 706 1586 771; baseline -0.002 -10"><span class='ocrx_word' id='word_1_64' title='bbox 352 720 519 762; x_wconf 88' lang='lat' dir='ltr'><strong>XXVII.</strong></span> <span class='ocrx_word' id='word_1_65' title='bbox 536 720 691 771; x_wconf 87' lang='lat' dir='ltr'>Atque</span> <span class='ocrx_word' id='word_1_66' title='bbox 682 732 712 758; x_wconf 87' lang='lat' dir='ltr'>1s</span> <span class='ocrx_word' id='word_1_67' title='bbox 728 731 842 767; x_wconf 88' lang='lat' dir='ltr'>cum,</span> <span class='ocrx_word' id='word_1_68' title='bbox 867 706 1015 758; x_wconf 70' lang='lat' dir='ltr'>summai</span> <span class='ocrx_word' id='word_1_69' title='bbox 1035 718 1232 759; x_wconf 87' lang='lat' dir='ltr'>celeritate</span> <span class='ocrx_word' id='word_1_70' title='bbox 1250 727 1472 771; x_wconf 82' lang='lat' dir='ltr'>comparato</span> <span class='ocrx_word' id='word_1_71' title='bbox 1492 733 1586 770; x_wconf 85' lang='lat' dir='ltr'>prae-</span> 
     </span>
     <span class='ocr_line' id='line_1_11' title="bbox 298 780 1583 830; baseline -0.002 -8"><span class='ocrx_word' id='word_1_72' title='bbox 298 783 418 829; x_wconf 66' lang='lat' dir='ltr'>sulio,</span> <span class='ocrx_word' id='word_1_73' title='bbox 442 782 492 821; x_wconf 80' lang='lat' dir='ltr'>ad</span> <span class='ocrx_word' id='word_1_74' title='bbox 520 780 654 820; x_wconf 90' lang='lat' dir='ltr'>urbem</span> <span class='ocrx_word' id='word_1_75' title='bbox 678 780 860 828; x_wconf 76' lang='lat' dir='ltr'>venifl&#39;et,</span> <span class='ocrx_word' id='word_1_76' title='bbox 899 792 1003 819; x_wconf 82' lang='lat' dir='ltr'>extra</span> <span class='ocrx_word' id='word_1_77' title='bbox 1035 781 1269 830; x_wconf 79' lang='lat' dir='ltr'>pomoerium</span> <span class='ocrx_word' id='word_1_78' title='bbox 1308 781 1358 820; x_wconf 89' lang='lat' dir='ltr'>ad</span> <span class='ocrx_word' id='word_1_79' title='bbox 1391 780 1583 819; x_wconf 82' lang='lat' dir='ltr'>theatrum</span> 
     </span>
     <span class='ocr_line' id='line_1_12' title="bbox 296 843 1587 896; baseline -0.004 -10"><span class='ocrx_word' id='word_1_80' title='bbox 296 845 476 896; x_wconf 85' lang='lat' dir='ltr'>Pompeji</span> <span class='ocrx_word' id='word_1_81' title='bbox 510 843 660 882; x_wconf 86' lang='lat' dir='ltr'>senatus</span> <span class='ocrx_word' id='word_1_82' title='bbox 686 843 738 882; x_wconf 90' lang='lat' dir='ltr'>est</span> <span class='ocrx_word' id='word_1_83' title='bbox 764 843 917 882; x_wconf 85' lang='lat' dir='ltr'>habitus</span> <span class='ocrx_word' id='word_1_84' title='bbox 941 844 982 882; x_wconf 89' lang='lat' dir='ltr'>in</span> <span class='ocrx_word' id='word_1_85' title='bbox 1004 843 1157 893; x_wconf 86' lang='lat' dir='ltr'>porticu</span> <span class='ocrx_word' id='word_1_86' title='bbox 1175 874 1187 892; x_wconf 93' lang='lat'>,</span> <span class='ocrx_word' id='word_1_87' title='bbox 1210 853 1254 883; x_wconf 91' lang='lat' dir='ltr'>ut</span> <span class='ocrx_word' id='word_1_88' title='bbox 1278 843 1452 883; x_wconf 73' lang='lat' dir='ltr'>interesse</span> <span class='ocrx_word' id='word_1_89' title='bbox 1475 844 1587 883; x_wconf 84' lang='lat' dir='ltr'>Pom.</span> 
     </span>
     <span class='ocr_line' id='line_1_13' title="bbox 296 905 1586 961; baseline -0.003 -13"><span class='ocrx_word' id='word_1_90' title='bbox 296 911 409 961; x_wconf 84' lang='lat' dir='ltr'>pejus</span> <span class='ocrx_word' id='word_1_91' title='bbox 436 906 582 959; x_wconf 71' lang='lat' dir='ltr'>posset,</span> <span class='ocrx_word' id='word_1_92' title='bbox 607 906 830 956; x_wconf 66' lang='lat' dir='ltr'>factumque</span> <span class='ocrx_word' id='word_1_93' title='bbox 857 905 1254 955; x_wconf 85' lang='lat' dir='ltr'>senatusconsultum,</span> <span class='ocrx_word' id='word_1_94' title='bbox 1279 919 1316 945; x_wconf 84' lang='lat' dir='ltr'>ut</span> <span class='ocrx_word' id='word_1_95' title='bbox 1343 906 1414 959; x_wconf 86' lang='lat' dir='ltr'>offiz</span> <span class='ocrx_word' id='word_1_96' title='bbox 1438 909 1484 945; x_wconf 89' lang='lat' dir='ltr'>P.</span> <span class='ocrx_word' id='word_1_97' title='bbox 1508 906 1586 946; x_wconf 85' lang='lat' dir='ltr'>Clo·</span> 
     </span>
     <span class='ocr_line' id='line_1_14' title="bbox 300 967 1587 1023; baseline -0.005 -12"><span class='ocrx_word' id='word_1_98' title='bbox 300 975 353 1011; x_wconf 82' lang='lat' dir='ltr'>dii</span> <span class='ocrx_word' id='word_1_99' title='bbox 385 974 598 1023; x_wconf 72' lang='lat' dir='ltr'>legerentur:</span> <span class='ocrx_word' id='word_1_100' title='bbox 630 969 760 1007; x_wconf 77' lang='lat' dir='ltr'>curiam</span> <span class='ocrx_word' id='word_1_101' title='bbox 788 969 940 1021; x_wconf 67' lang='lat' dir='ltr'>Faustus·</span> <span class='ocrx_word' id='word_1_102' title='bbox 970 967 1072 1006; x_wconf 83' lang='lat' dir='ltr'>Sulla</span> <span class='ocrx_word' id='word_1_103' title='bbox 1096 969 1320 1021; x_wconf 73' lang='lat' dir='ltr'>instauraret,</span> <span class='ocrx_word' id='word_1_104' title='bbox 1351 983 1455 1020; x_wconf 83' lang='lat' dir='ltr'>eaque</span> <span class='ocrx_word' id='word_1_105' title='bbox 1489 968 1587 1006; x_wconf 78' lang='lat' dir='ltr'>dein·</span> 
     </span>
     <span class='ocr_line' id='line_1_15' title="bbox 300 1030 1587 1087; baseline -0.005 -14"><span class='ocrx_word' id='word_1_106' title='bbox 300 1048 379 1087; x_wconf 86' lang='lat' dir='ltr'>ceps</span> <span class='ocrx_word' id='word_1_107' title='bbox 411 1032 571 1072; x_wconf 78' lang='lat' dir='ltr'>Cornelia</span> <span class='ocrx_word' id='word_1_108' title='bbox 604 1032 646 1069; x_wconf 86' lang='lat' dir='ltr'>de</span> <span class='ocrx_word' id='word_1_109' title='bbox 677 1030 814 1068; x_wconf 81' lang='lat' dir='ltr'>nomine</span> <span class='ocrx_word' id='word_1_110' title='bbox 842 1030 953 1068; x_wconf 79' lang='lat' dir='ltr'>Sullae</span> <span class='ocrx_word' id='word_1_111' title='bbox 982 1041 1183 1078; x_wconf 78' lang='lat' dir='ltr'>vocaretur,</span> <span class='ocrx_word' id='word_1_112' title='bbox 1219 1030 1306 1080; x_wconf 85' lang='lat' dir='ltr'>quia</span> <span class='ocrx_word' id='word_1_113' title='bbox 1335 1030 1437 1080; x_wconf 87' lang='lat' dir='ltr'>prius</span> <span class='ocrx_word' id='word_1_114' title='bbox 1465 1030 1587 1068; x_wconf 89' lang='lat' dir='ltr'>etiam</span> 
     </span>
     <span class='ocr_line' id='line_1_16' title="bbox 300 1090 1587 1147; baseline -0.003 -13"><span class='ocrx_word' id='word_1_115' title='bbox 300 1105 408 1147; x_wconf 83' lang='lat' dir='ltr'>pater</span> <span class='ocrx_word' id='word_1_116' title='bbox 432 1092 555 1134; x_wconf 81' lang='lat' dir='ltr'>Fausti</span> <span class='ocrx_word' id='word_1_117' title='bbox 580 1091 745 1131; x_wconf 80' lang='lat' dir='ltr'>eandem</span> <span class='ocrx_word' id='word_1_118' title='bbox 774 1091 969 1130; x_wconf 77' lang='lat' dir='ltr'>refecerat.</span> <span class='ocrx_word' id='word_1_119' title='bbox 1006 1091 1108 1131; x_wconf 83' lang='lat' dir='ltr'>Inter</span> <span class='ocrx_word' id='word_1_120' title='bbox 1134 1091 1201 1131; x_wconf 84' lang='lat' dir='ltr'>has</span> <span class='ocrx_word' id='word_1_121' title='bbox 1221 1092 1376 1140; x_wconf 80' lang='lat' dir='ltr'>turbas,</span> <span class='ocrx_word' id='word_1_122' title='bbox 1405 1104 1493 1131; x_wconf 91' lang='lat' dir='ltr'>cum</span> <span class='ocrx_word' id='word_1_123' title='bbox 1521 1090 1587 1130; x_wconf 81' lang='lat' dir='ltr'>alii</span> 
     </span>
     <span class='ocr_line' id='line_1_17' title="bbox 299 1153 1590 1206; baseline -0.005 -8"><span class='ocrx_word' id='word_1_124' title='bbox 299 1171 348 1198; x_wconf 77' lang='lat' dir='ltr'>ex</span> <span class='ocrx_word' id='word_1_125' title='bbox 383 1157 463 1196; x_wconf 87' lang='lat' dir='ltr'>aliis</span> <span class='ocrx_word' id='word_1_126' title='bbox 489 1157 694 1206; x_wconf 80' lang='lat' dir='ltr'>interreges</span> <span class='ocrx_word' id='word_1_127' title='bbox 723 1153 882 1202; x_wconf 74' lang='lat' dir='ltr'>fierent,</span> <span class='ocrx_word' id='word_1_128' title='bbox 911 1166 1036 1204; x_wconf 88' lang='lat' dir='ltr'>neque</span> <span class='ocrx_word' id='word_1_129' title='bbox 1062 1163 1192 1194; x_wconf 85' lang='lat' dir='ltr'>tamen</span> <span class='ocrx_word' id='word_1_130' title='bbox 1219 1156 1377 1194; x_wconf 88' lang='lat' dir='ltr'>comitia</span> <span class='ocrx_word' id='word_1_131' title='bbox 1402 1153 1590 1193; x_wconf 85' lang='lat' dir='ltr'>haberen-</span> 
     </span>
     <span class='ocr_line' id='line_1_18' title="bbox 294 1215 1588 1270; baseline -0.006 -9"><span class='ocrx_word' id='word_1_132' title='bbox 294 1230 382 1268; x_wconf 76' lang='lat' dir='ltr'>tur3</span> <span class='ocrx_word' id='word_1_133' title='bbox 410 1219 510 1259; x_wconf 75' lang='lat' dir='ltr'>misit</span> <span class='ocrx_word' id='word_1_134' title='bbox 535 1219 584 1257; x_wconf 86' lang='lat' dir='ltr'>ad</span> <span class='ocrx_word' id='word_1_135' title='bbox 611 1217 840 1267; x_wconf 83' lang='lat' dir='ltr'>PompeJ&#39;um</span> <span class='ocrx_word' id='word_1_136' title='bbox 869 1215 993 1264; x_wconf 84' lang='lat' dir='ltr'>Milo,</span> <span class='ocrx_word' id='word_1_137' title='bbox 1029 1217 1176 1270; x_wconf 77' lang='lat' dir='ltr'>desistere</span> <span class='ocrx_word' id='word_1_138' title='bbox 1194 1215 1234 1268; x_wconf 83' lang='lat' dir='ltr'>se</span> <span class='ocrx_word' id='word_1_139' title='bbox 1262 1218 1509 1270; x_wconf 81' lang='lat' dir='ltr'>petitione‚fi</span> <span class='ocrx_word' id='word_1_140' title='bbox 1534 1217 1588 1254; x_wconf 81' lang='lat' dir='ltr'>ita</span> 
     </span>
     <span class='ocr_line' id='line_1_19' title="bbox 296 1279 1586 1331; baseline -0.004 -7"><span class='ocrx_word' id='word_1_141' title='bbox 296 1286 327 1324; x_wconf 79' lang='lat' dir='ltr'>ei</span> <span class='ocrx_word' id='word_1_142' title='bbox 351 1285 533 1321; x_wconf 78' lang='lat' dir='ltr'>videretur.</span> <span class='ocrx_word' id='word_1_143' title='bbox 563 1282 666 1321; x_wconf 79' lang='lat' dir='ltr'>Nam</span> <span class='ocrx_word' id='word_1_144' title='bbox 688 1280 739 1319; x_wconf 92' lang='lat' dir='ltr'>ob</span> <span class='ocrx_word' id='word_1_145' title='bbox 764 1280 990 1319; x_wconf 84' lang='lat' dir='ltr'>affinitatem</span> <span class='ocrx_word' id='word_1_146' title='bbox 1015 1281 1065 1331; x_wconf 85' lang='lat' dir='ltr'>Q.</span> <span class='ocrx_word' id='word_1_147' title='bbox 1092 1279 1255 1320; x_wconf 83' lang='lat' dir='ltr'>Metello</span> <span class='ocrx_word' id='word_1_148' title='bbox 1288 1280 1437 1320; x_wconf 89' lang='lat' dir='ltr'>summe</span> <span class='ocrx_word' id='word_1_149' title='bbox 1462 1280 1586 1319; x_wconf 91' lang='lat' dir='ltr'>stude-</span> 
     </span>
     <span class='ocr_line' id='line_1_20' title="bbox 300 1342 1584 1395; baseline -0.004 -8"><span class='ocrx_word' id='word_1_150' title='bbox 300 1348 366 1387; x_wconf 79' lang='lat' dir='ltr'>bat</span> <span class='ocrx_word' id='word_1_151' title='bbox 394 1346 624 1395; x_wconf 73' lang='lat' dir='ltr'>Pompeius:</span> <span class='ocrx_word' id='word_1_152' title='bbox 651 1355 778 1394; x_wconf 89' lang='lat' dir='ltr'>neque</span> <span class='ocrx_word' id='word_1_153' title='bbox 805 1343 931 1382; x_wconf 83' lang='lat' dir='ltr'>minus</span> <span class='ocrx_word' id='word_1_154' title='bbox 959 1342 1150 1394; x_wconf 84' lang='lat' dir='ltr'>Hypsaeo,</span> <span class='ocrx_word' id='word_1_155' title='bbox 1176 1343 1281 1394; x_wconf 90' lang='lat' dir='ltr'>quod</span> <span class='ocrx_word' id='word_1_156' title='bbox 1309 1344 1467 1394; x_wconf 87' lang='lat' dir='ltr'>quaestor</span> <span class='ocrx_word' id='word_1_157' title='bbox 1497 1342 1584 1382; x_wconf 87' lang='lat' dir='ltr'>suus</span> 
     </span>
     <span class='ocr_line' id='line_1_21' title="bbox 298 1408 439 1449; baseline -0.014 -1"><span class='ocrx_word' id='word_1_158' title='bbox 298 1408 439 1449; x_wconf 77' lang='lat' dir='ltr'>fuiil&#39;et.</span> 
     </span>
    </p>

    <p class='ocr_par' dir='ltr' id='par_1_4' title="bbox 292 1466 1588 2139">
     <span class='ocr_line' id='line_1_22' title="bbox 355 1466 1588 1521; baseline -0.001 -13"><span class='ocrx_word' id='word_1_159' title='bbox 355 1468 542 1509; x_wconf 85' lang='lat' dir='ltr'>XXVIII.</span> <span class='ocrx_word' id='word_1_160' title='bbox 573 1466 813 1518; x_wconf 86' lang='lat' dir='ltr'>Responsum</span> <span class='ocrx_word' id='word_1_161' title='bbox 839 1480 860 1506; x_wconf 86' lang='lat' dir='ltr'>a</span> <span class='ocrx_word' id='word_1_162' title='bbox 880 1467 1064 1517; x_wconf 82' lang='lat' dir='ltr'>PompeJ&#39;o</span> <span class='ocrx_word' id='word_1_163' title='bbox 1091 1468 1247 1516; x_wconf 86' lang='lat' dir='ltr'>dicunt,</span> <span class='ocrx_word' id='word_1_164' title='bbox 1273 1468 1455 1520; x_wconf 60' lang='lat' dir='ltr'>neminis&amp;</span> <span class='ocrx_word' id='word_1_165' title='bbox 1482 1483 1588 1521; x_wconf 81' lang='lat' dir='ltr'>neque</span> 
     </span>
     <span class='ocr_line' id='line_1_23' title="bbox 292 1528 1587 1584; baseline -0.002 -15"><span class='ocrx_word' id='word_1_166' title='bbox 292 1532 463 1584; x_wconf 75' lang='lat' dir='ltr'>petendi,</span> <span class='ocrx_word' id='word_1_167' title='bbox 490 1545 596 1583; x_wconf 85' lang='lat' dir='ltr'>neque</span> <span class='ocrx_word' id='word_1_168' title='bbox 620 1530 820 1582; x_wconf 70' lang='lat' dir='ltr'>defislendi,</span> <span class='ocrx_word' id='word_1_169' title='bbox 840 1532 1007 1567; x_wconf 64' lang='lat' dir='ltr'>aufiorem</span> <span class='ocrx_word' id='word_1_170' title='bbox 1037 1528 1127 1581; x_wconf 79' lang='lat' dir='ltr'>effi:</span> <span class='ocrx_word' id='word_1_171' title='bbox 1155 1545 1258 1582; x_wconf 77' lang='lat' dir='ltr'>neque</span> <span class='ocrx_word' id='word_1_172' title='bbox 1275 1531 1400 1581; x_wconf 81' lang='lat' dir='ltr'>populi</span> <span class='ocrx_word' id='word_1_173' title='bbox 1432 1530 1587 1568; x_wconf 65' lang='lat' dir='ltr'>Romani</span> 
     </span>
     <span class='ocr_line' id='line_1_24' title="bbox 295 1591 1585 1648; baseline 0.002 -17"><span class='ocrx_word' id='word_1_174' title='bbox 295 1594 517 1648; x_wconf 80' lang='lat' dir='ltr'>potestatem,</span> <span class='ocrx_word' id='word_1_175' title='bbox 539 1604 602 1630; x_wconf 84' lang='lat' dir='ltr'>aut</span> <span class='ocrx_word' id='word_1_176' title='bbox 620 1592 815 1643; x_wconf 77' lang='lat' dir='ltr'>consilium,</span> <span class='ocrx_word' id='word_1_177' title='bbox 839 1604 904 1628; x_wconf 70' lang='lat' dir='ltr'>aur</span> <span class='ocrx_word' id='word_1_178' title='bbox 913 1592 1122 1643; x_wconf 58' lang='lat' dir='ltr'>sententiam</span> <span class='ocrx_word' id='word_1_179' title='bbox 1143 1591 1446 1643; x_wconf 78' lang='lat' dir='ltr'>interpellaturum.</span> <span class='ocrx_word' id='word_1_180' title='bbox 1475 1592 1585 1633; x_wconf 83' lang='lat' dir='ltr'>Idem</span> 
     </span>
     <span class='ocr_line' id='line_1_25' title="bbox 300 1650 1585 1703; baseline 0.001 -10"><span class='ocrx_word' id='word_1_181' title='bbox 300 1653 441 1693; x_wconf 86' lang='lat' dir='ltr'>deinde</span> <span class='ocrx_word' id='word_1_182' title='bbox 481 1652 551 1692; x_wconf 89' lang='lat' dir='ltr'>Cn.</span> <span class='ocrx_word' id='word_1_183' title='bbox 583 1650 791 1692; x_wconf 85' lang='lat' dir='ltr'>Lucullum</span> <span class='ocrx_word' id='word_1_184' title='bbox 829 1652 1056 1691; x_wconf 73' lang='lat' dir='ltr'>familiarem</span> <span class='ocrx_word' id='word_1_185' title='bbox 1091 1653 1314 1700; x_wconf 76' lang='lat' dir='ltr'>Ciceronis,</span> <span class='ocrx_word' id='word_1_186' title='bbox 1352 1663 1466 1703; x_wconf 86' lang='lat' dir='ltr'>atque</span> <span class='ocrx_word' id='word_1_187' title='bbox 1496 1655 1585 1694; x_wconf 86' lang='lat' dir='ltr'>ideo</span> 
     </span>
     <span class='ocr_line' id='line_1_26' title="bbox 298 1715 1586 1768; baseline -0.005 -11"><span class='ocrx_word' id='word_1_188' title='bbox 298 1715 457 1758; x_wconf 81' lang='lat' dir='ltr'>Milonis</span> <span class='ocrx_word' id='word_1_189' title='bbox 482 1715 677 1762; x_wconf 82' lang='lat' dir='ltr'>amicum,</span> <span class='ocrx_word' id='word_1_190' title='bbox 708 1715 851 1765; x_wconf 75' lang='lat' dir='ltr'>rogasse</span> <span class='ocrx_word' id='word_1_191' title='bbox 877 1715 1075 1754; x_wconf 82' lang='lat' dir='ltr'>dicebatur</span> <span class='ocrx_word' id='word_1_192' title='bbox 1091 1745 1102 1762; x_wconf 86' lang='lat'>,</span> <span class='ocrx_word' id='word_1_193' title='bbox 1127 1731 1170 1753; x_wconf 84' lang='lat' dir='ltr'>ne</span> <span class='ocrx_word' id='word_1_194' title='bbox 1190 1718 1231 1768; x_wconf 90' lang='lat' dir='ltr'>se</span> <span class='ocrx_word' id='word_1_195' title='bbox 1254 1717 1320 1753; x_wconf 69' lang='lat' dir='ltr'>hac</span> <span class='ocrx_word' id='word_1_196' title='bbox 1347 1717 1388 1754; x_wconf 87' lang='lat' dir='ltr'>de</span> <span class='ocrx_word' id='word_1_197' title='bbox 1410 1731 1442 1755; x_wconf 79' lang='lat' dir='ltr'>re</span> <span class='ocrx_word' id='word_1_198' title='bbox 1465 1719 1586 1768; x_wconf 82' lang='lat' dir='ltr'>consu..</span> 
     </span>
     <span class='ocr_line' id='line_1_27' title="bbox 297 1777 1586 1827; baseline 0 -9"><span class='ocrx_word' id='word_1_199' title='bbox 297 1781 402 1818; x_wconf 78' lang='lat' dir='ltr'>lendo</span> <span class='ocrx_word' id='word_1_200' title='bbox 425 1779 566 1817; x_wconf 71' lang='lat' dir='ltr'>invidia</span> <span class='ocrx_word' id='word_1_201' title='bbox 589 1790 756 1816; x_wconf 81' lang='lat' dir='ltr'>oneraret.</span> <span class='ocrx_word' id='word_1_202' title='bbox 795 1777 1066 1817; x_wconf 82' lang='lat' dir='ltr'>Crebrescebat</span> <span class='ocrx_word' id='word_1_203' title='bbox 1089 1778 1233 1817; x_wconf 85' lang='lat' dir='ltr'>interea</span> <span class='ocrx_word' id='word_1_204' title='bbox 1257 1791 1409 1827; x_wconf 83' lang='lat' dir='ltr'>rumor,</span> <span class='ocrx_word' id='word_1_205' title='bbox 1440 1780 1586 1818; x_wconf 59' lang='lat' dir='ltr'>difflato-</span> 
     </span>
     <span class='ocr_line' id='line_1_28' title="bbox 300 1840 1588 1893; baseline -0.002 -13"><span class='ocrx_word' id='word_1_206' title='bbox 300 1856 368 1880; x_wconf 77' lang='lat' dir='ltr'>rem</span> <span class='ocrx_word' id='word_1_207' title='bbox 395 1842 577 1879; x_wconf 76' lang='lat' dir='ltr'>creandum</span> <span class='ocrx_word' id='word_1_208' title='bbox 606 1840 808 1892; x_wconf 82' lang='lat' dir='ltr'>Pompejum</span> <span class='ocrx_word' id='word_1_209' title='bbox 832 1840 918 1892; x_wconf 76' lang='lat' dir='ltr'>effi,</span> <span class='ocrx_word' id='word_1_210' title='bbox 949 1856 1009 1878; x_wconf 79' lang='lat' dir='ltr'>nec</span> <span class='ocrx_word' id='word_1_211' title='bbox 1030 1841 1133 1878; x_wconf 79' lang='lat' dir='ltr'>aliter</span> <span class='ocrx_word' id='word_1_212' title='bbox 1154 1842 1274 1893; x_wconf 61' lang='lat' dir='ltr'>sedari</span> <span class='ocrx_word' id='word_1_213' title='bbox 1305 1842 1402 1880; x_wconf 81' lang='lat' dir='ltr'>mala</span> <span class='ocrx_word' id='word_1_214' title='bbox 1425 1841 1588 1879; x_wconf 75' lang='lat' dir='ltr'>civitatis</span> 
     </span>
     <span class='ocr_line' id='line_1_29' title="bbox 294 1900 1585 1954; baseline -0.001 -13"><span class='ocrx_word' id='word_1_215' title='bbox 294 1901 413 1954; x_wconf 79' lang='lat' dir='ltr'>poffi:</span> <span class='ocrx_word' id='word_1_216' title='bbox 446 1900 532 1940; x_wconf 81' lang='lat' dir='ltr'>‘aliis</span> <span class='ocrx_word' id='word_1_217' title='bbox 568 1900 752 1941; x_wconf 69' lang='lat' dir='ltr'>Caesarem</span> <span class='ocrx_word' id='word_1_218' title='bbox 787 1900 866 1940; x_wconf 80' lang='lat' dir='ltr'>fieri</span> <span class='ocrx_word' id='word_1_219' title='bbox 900 1900 1096 1941; x_wconf 87' lang='lat' dir='ltr'>consulem</span> <span class='ocrx_word' id='word_1_220' title='bbox 1129 1901 1331 1951; x_wconf 86' lang='lat' dir='ltr'>placebat,</span> <span class='ocrx_word' id='word_1_221' title='bbox 1369 1903 1478 1950; x_wconf 90' lang='lat' dir='ltr'>cujus</span> <span class='ocrx_word' id='word_1_222' title='bbox 1515 1901 1585 1941; x_wconf 89' lang='lat' dir='ltr'>sub</span> 
     </span>
     <span class='ocr_line' id='line_1_30' title="bbox 302 1963 1586 2014; baseline 0.001 -12"><span class='ocrx_word' id='word_1_223' title='bbox 302 1964 405 2002; x_wconf 87' lang='lat' dir='ltr'>idem</span> <span class='ocrx_word' id='word_1_224' title='bbox 429 1971 582 2013; x_wconf 86' lang='lat' dir='ltr'>tempus</span> <span class='ocrx_word' id='word_1_225' title='bbox 615 1966 782 2003; x_wconf 81' lang='lat' dir='ltr'>maxima</span> <span class='ocrx_word' id='word_1_226' title='bbox 811 1972 889 2002; x_wconf 87' lang='lat' dir='ltr'>erat</span> <span class='ocrx_word' id='word_1_227' title='bbox 918 1964 1042 2012; x_wconf 69' lang='lat' dir='ltr'>fama,</span> <span class='ocrx_word' id='word_1_228' title='bbox 1068 1974 1223 2014; x_wconf 84' lang='lat' dir='ltr'>propter</span> <span class='ocrx_word' id='word_1_229' title='bbox 1249 1963 1495 2014; x_wconf 78' lang='lat' dir='ltr'>ampliffimas</span> <span class='ocrx_word' id='word_1_230' title='bbox 1526 1976 1586 2003; x_wconf 88' lang='lat' dir='ltr'>res</span> 
     </span>
     <span class='ocr_line' id='line_1_31' title="bbox 300 2025 1584 2077; baseline 0.001 -13"><span class='ocrx_word' id='word_1_231' title='bbox 300 2026 446 2076; x_wconf 74' lang='lat' dir='ltr'>gestas,</span> <span class='ocrx_word' id='word_1_232' title='bbox 473 2025 608 2076; x_wconf 78' lang='lat' dir='ltr'>sepius</span> <span class='ocrx_word' id='word_1_233' title='bbox 630 2028 666 2065; x_wconf 72' lang='lat' dir='ltr'>Sc</span> <span class='ocrx_word' id='word_1_234' title='bbox 689 2027 857 2077; x_wconf 88' lang='lat' dir='ltr'>plurium</span> <span class='ocrx_word' id='word_1_235' title='bbox 884 2027 1059 2075; x_wconf 86' lang='lat' dir='ltr'>dierum,</span> <span class='ocrx_word' id='word_1_236' title='bbox 1088 2040 1203 2077; x_wconf 82' lang='lat' dir='ltr'>quam</span> <span class='ocrx_word' id='word_1_237' title='bbox 1227 2027 1365 2077; x_wconf 88' lang='lat' dir='ltr'>cuique</span> <span class='ocrx_word' id='word_1_238' title='bbox 1391 2039 1584 2077; x_wconf 87' lang='lat' dir='ltr'>unquam,</span> 
     </span>
     <span class='ocr_line' id='line_1_32' title="bbox 301 2088 844 2139; baseline 0 -11"><span class='ocrx_word' id='word_1_239' title='bbox 301 2088 645 2139; x_wconf 83' lang='lat' dir='ltr'>supplicationibus</span> <span class='ocrx_word' id='word_1_240' title='bbox 671 2089 844 2128; x_wconf 89' lang='lat' dir='ltr'>decretis.</span> 
     </span>
    </p>

    <p class='ocr_par' dir='ltr' id='par_1_5' title="bbox 304 2148 1584 2263">
     <span class='ocr_line' id='line_1_33' title="bbox 357 2148 1584 2200; baseline -0.002 -10"><span class='ocrx_word' id='word_1_241' title='bbox 357 2150 512 2190; x_wconf 84' lang='lat' dir='ltr'>XXIX.</span> <span class='ocrx_word' id='word_1_242' title='bbox 541 2151 735 2190; x_wconf 85' lang='lat' dir='ltr'>Neutrum</span> <span class='ocrx_word' id='word_1_243' title='bbox 759 2164 896 2190; x_wconf 87' lang='lat' dir='ltr'>eorum</span> <span class='ocrx_word' id='word_1_244' title='bbox 916 2150 1059 2190; x_wconf 89' lang='lat' dir='ltr'>senatui</span> <span class='ocrx_word' id='word_1_245' title='bbox 1085 2159 1233 2200; x_wconf 82' lang='lat' dir='ltr'>gratum</span> <span class='ocrx_word' id='word_1_246' title='bbox 1262 2157 1350 2188; x_wconf 83' lang='lat' dir='ltr'>erat.</span> <span class='ocrx_word' id='word_1_247' title='bbox 1378 2148 1510 2199; x_wconf 80' lang='lat' dir='ltr'>igitur,</span> <span class='ocrx_word' id='word_1_248' title='bbox 1536 2162 1584 2188; x_wconf 82' lang='lat' dir='ltr'>nc</span> 
     </span>
     <span class='ocr_line' id='line_1_34' title="bbox 304 2210 1584 2263; baseline -0.001 -12"><span class='ocrx_word' id='word_1_249' title='bbox 304 2221 371 2252; x_wconf 81' lang='lat' dir='ltr'>aut</span> <span class='ocrx_word' id='word_1_250' title='bbox 401 2212 607 2263; x_wconf 86' lang='lat' dir='ltr'>Pompejus</span> <span class='ocrx_word' id='word_1_251' title='bbox 636 2215 829 2263; x_wconf 60' lang='lat' dir='ltr'>dictator,</span> <span class='ocrx_word' id='word_1_252' title='bbox 860 2223 925 2253; x_wconf 86' lang='lat' dir='ltr'>aut</span> <span class='ocrx_word' id='word_1_253' title='bbox 952 2213 1072 2253; x_wconf 79' lang='lat' dir='ltr'>Caesar</span> <span class='ocrx_word' id='word_1_254' title='bbox 1100 2214 1239 2252; x_wconf 86' lang='lat' dir='ltr'>iterum</span> <span class='ocrx_word' id='word_1_255' title='bbox 1271 2211 1404 2251; x_wconf 88' lang='lat' dir='ltr'>consul</span> <span class='ocrx_word' id='word_1_256' title='bbox 1438 2210 1584 2250; x_wconf 86' lang='lat' dir='ltr'>haben-</span> 
     </span>
    </p>
   </div>
   <div class='ocr_carea' id='block_1_3' title="bbox 313 2345 1585 2438">
    <p class='ocr_par' dir='ltr' id='par_1_6' title="bbox 313 2345 1585 2438">
     <span class='ocr_line' id='line_1_35' title="bbox 358 2345 1585 2392; baseline 0 -14"><span class='ocrx_word' id='word_1_257' title='bbox 358 2348 381 2392; x_wconf 63' lang='lat' dir='ltr'>§L</span> <span class='ocrx_word' id='word_1_258' title='bbox 412 2347 539 2380; x_wconf 54' lang='lat' dir='ltr'>XXVI.</span> <span class='ocrx_word' id='word_1_259' title='bbox 567 2347 908 2390; x_wconf 64' lang='lat' dir='ltr'>Cic.1”1116,.4</span> <span class='ocrx_word' id='word_1_260' title='bbox 936 2348 1082 2389; x_wconf 74' lang='lat' dir='ltr'>Appiam</span> <span class='ocrx_word' id='word_1_261' title='bbox 1112 2347 1187 2379; x_wconf 79' lang='lat' dir='ltr'>Liv.</span> <span class='ocrx_word' id='word_1_262' title='bbox 1217 2358 1279 2388; x_wconf 63' lang='grc' dir='ltr'>ς’),</span> <span class='ocrx_word' id='word_1_263' title='bbox 1304 2358 1357 2386; x_wconf 78' lang='grc'>44.</span> <span class='ocrx_word' id='word_1_264' title='bbox 1390 2347 1410 2390; x_wconf 70' lang='lat' dir='ltr'>G</span> <span class='ocrx_word' id='word_1_265' title='bbox 1439 2347 1527 2378; x_wconf 80' lang='lat' dir='ltr'>XX</span> <span class='ocrx_word' id='word_1_266' title='bbox 1526 2345 1585 2378; x_wconf 83' lang='grc' dir='ltr'>Π.</span> 
     </span>
     <span class='ocr_line' id='line_1_36' title="bbox 313 2385 1582 2438; baseline -0.001 -15"><span class='ocrx_word' id='word_1_267' title='bbox 313 2393 401 2425; x_wconf 75' lang='lat' dir='ltr'>Ilut.</span> <span class='ocrx_word' id='word_1_268' title='bbox 432 2393 466 2425; x_wconf 75' lang='lat' dir='ltr'>ln</span> <span class='ocrx_word' id='word_1_269' title='bbox 494 2392 568 2427; x_wconf 81' lang='lat' dir='ltr'>Cat.</span> <span class='ocrx_word' id='word_1_270' title='bbox 593 2405 622 2428; x_wconf 87' lang='lat' dir='ltr'>c.</span> <span class='ocrx_word' id='word_1_271' title='bbox 647 2392 703 2437; x_wconf 78' lang='grc'>36</span> <span class='ocrx_word' id='word_1_272' title='bbox 728 2393 1094 2438; x_wconf 69' lang='lat' dir='ltr'>Diodor.§xxvnl.</span> <span class='ocrx_word' id='word_1_273' title='bbox 1122 2385 1582 2435; x_wconf 66' lang='lat' dir='ltr'>Armi.C².c.·p10M·11.c.</span> 
     </span>
    </p>
   </div>
   <div class='ocr_carea' id='block_1_4' title="bbox 315 2459 365 2481">
    <p class='ocr_par' dir='ltr' id='par_1_7' title="bbox 315 2459 365 2481">
     <span class='ocr_line' id='line_1_37' title="bbox 315 2459 365 2481; baseline -0.04 0"><span class='ocrx_word' id='word_1_274' title='bbox 315 2459 365 2481; x_wconf 67' lang='lat'>2¹1⁰</span> 
     </span>
    </p>
   </div>
  </div>
 </body>
</html>
