1675 2959
274 101 372 159 '234
437 95 527 143 JO.
561 97 1066 144 FREINSHEMII
1099 97 1460 147 SUPP-LEMs

274 200 336 242 Ibi
366 202 510 242 Crassus
536 203 711 242 instruxit
733 203 879 251 acie-m,
899 205 1065 253 primum
1087 218 1135 244 ex
1156 205 1268 245 Caffii
1290 206 1444 250 consilio
1470 219 1556 256 pro-

206 306 213 312 ·
274 263 422 310 ductis,
456 277 505 303 ne
535 264 925 312 circumvenirentur,
957 266 1192 309 ordinibus:
1221 268 1360 308 deinde
1393 270 1557 308 mutavit

274 327 543 378 contraxitque
575 328 615 365 in
650 327 905 377 quadratum,
942 329 1133 369 duodenis
1168 331 1216 370 ad
1252 332 1556 382 unumquodque

272 385 373 426 latus
403 386 601 426 collocatis
632 385 874 426 cohortibus,
918 387 1106 437 Legiones
1142 391 1245 429 enim
1277 391 1468 432 Romanas
1493 391 1557 430 ses-

271 456 379 498 ptem
397 478 408 496 ,
439 459 565 497 neque
589 447 788 498 pauciores
810 447 1003 487 sociorum
1029 449 1206 489 cohortes
1232 451 1420 493 habebat:
1447 451 1556 502 equi-

272 517 357 548 tum
390 511 426 549 &
465 508 561 547 levis
597 516 795 549 armaturae
831 508 880 547 ad
914 517 1095 559 quaterna
1131 510 1264 551 millia.
1302 526 1384 562 quae
1413 512 1557 563 &ipsa

272 570 489 618 distribuit,
513 578 566 608 xut
602 569 760 622 fingulis
797 568 1022 612 cohortibus
1062 572 1183 624 gravis
1221 583 1418 615 armaturae
1452 575 1555 617 alam

272 631 451 681 equitum
481 631 652 670 adderet.
1224 686 1227 688 ‚

327 693 526 733 XXXIX.
546 694 672 740 Cum,
700 693 752 732 ita
783 692 958 751 ordinata
987 694 1091 743 acie,
1116 696 1258 737 Caffius
1287 697 1448 737 alterum
1474 709 1557 736 cor-

272 765 348 801 τιυ,
373 752 535 792 alterum
560 753 599 793 P.
628 753 777 794 Craffus
805 755 1051 805 imperatoris
1074 756 1176 797 filius
1192 788 1205 804 ‚
1233 759 1441 810 imperator
1475 759 1556 810 ipse

272 815 447 855 medium
469 829 608 868 agmen
633 817 814 866 duceret3
843 819 892 858 ad
917 820 1116 860 modicum
1140 822 1309 870 fiumen,
1330 822 1464 863 Baliffo
1486 836 1555 862 no-

271 890 364 917 men
391 887 495 926 erat,
527 888 767 930 perventum.
796 880 854 922 lbi
879 883 1020 932 raptim
1043 896 1089 922 ex
1116 884 1173 922 fiti
1199 893 1387 924 recreatus
1414 885 1555 924 exemi.-

271 946 360 988 tus,
383 940 583 981 festinante
607 941 759 991 Crasso,
787 943 830 982 in
855 943 1104 994 conspeetum
1125 945 1289 991 hostium
1314 959 1453 997 magno
1474 959 1556 997 gra-

270 1002 326 1043 du
348 1003 537 1047 adductus
559 1003 623 1043 est.
643 1002 729 1052 Illi,
752 1006 924 1044 maxima
947 1008 1146 1056 copiarum
1167 1018 1273 1058 parte
1292 1009 1374 1059 post
1388 1009 1556 1059 primam

270 1062 393 1102 aciem
423 1063 673 1112 abscondit-a,
697 1065 762 1118 (&
787 1073 868 1104 erat
900 1065 1008 1106 locus
1040 1068 1259 1118 inaequalis,
1287 1069 1460 1119 tegendis
1491 1069 1553 1107 in·-

270 1124 378 1165 fidiis
409 1125 589 1165 arborum
622 1125 780 1175 objectu
809 1127 952 1181 aptus)
983 1140 1106 1178 neque
1138 1141 1298 1168 numero
1326 1129 1555 1168 formidabi-

270 1186 376 1234 lem,
407 1201 532 1238 neque
567 1187 694 1239 specie
731 1201 916 1239 magnum
951 1188 1179 1238 objecerunt
1207 1204 1217 1230 :
1258 1204 1347 1229 nam
1378 1204 1424 1230 ex
1458 1204 1555 1242 prae-

272 1258 389 1299 cepto
418 1250 569 1290 Surenae
602 1248 795 1288 rutilantia
833 1262 937 1289 arma
972 1249 1140 1300 pellibus
1165 1253 1201 1291 Sc
1232 1252 1368 1291 tunicis
1398 1251 1554 1291 obtexe-

269 1320 367 1351 rant.
386 1311 462 1351 Sed
485 1310 715 1351 diffimulata
738 1313 908 1361 primum
922 1343 931 1360 ,
947 1311 1089 1351 deinde
1110 1311 1234 1351 subito
1259 1312 1401 1352 ostensa
1416 1344 1426 1360 ‚
1449 1325 1554 1352 exet-

270 1373 371 1411 citus
401 1385 671 1423 armorumque
697 1373 819 1415 moles
843 1375 1030 1423 maJ‘orem
1060 1387 1108 1415 ex
1136 1375 1347 1426 improviso.
1370 1385 1554 1415 terrorem

268 1433 406 1484 injecit
433 1435 630 1476 Romanis.
728 1426 731 1431 ζ

326 1497 408 1537 XL.
443 1497 530 1545 Jam
560 1498 728 1547 primum
758 1497 932 1538 horribili
959 1499 1114 1550 strepitu
1147 1499 1235 1539 sunt
1260 1499 1441 1540 exterriti.
1479 1511 1553 1538 nec

268 1559 377 1597 enim
405 1558 510 1597 tubis
548 1566 613 1598 aut
647 1559 830 1598 cornibus
860 1573 1030 1611 pugnam
1059 1561 1277 1600 accendunt
1309 1559 1457 1606 Parthi,
1486 1560 1554 1601 sed

269 1627 455 1672 tympana
481 1620 591 1660 fimul
615 1621 744 1660 multis
767 1620 860 1660 locis
884 1621 1099 1673 pulsantes,
1117 1622 1221 1662 velut
1244 1622 1390 1662 ululatu
1409 1621 1554 1661 bellua-

267 1696 354 1722 rum
380 1684 416 1722 δε
438 1683 580 1723 tonitru
605 1684 772 1723 mixtum
798 1685 988 1735 mugitum
1019 1686 1132 1725 cient.
1161 1686 1250 1724 dein
1280 1685 1428 1734 rejectis
1455 1685 1554 1724 inte-

269 1742 493 1793 gumentis,
528 1743 644 1793 galeae
676 1743 879 1794 loricaeque
914 1758 960 1784 ex
986 1745 1185 1794 Margiane
1222 1744 1326 1783 ferrov
1350 1743 1553 1785 fulserunt..

267 1804 336 1854 ipsi
358 1804 471 1844 etiam
500 1805 613 1854 equi,
631 1805 761 1845 ferreis
779 1805 937 1847 aeneisve
961 1806 1125 1857 squamis
1153 1806 1311 1854 muniti,
1329 1805 1555 1845 formidabi-

268 1864 347 1905 lem
374 1863 596 1905 obtulerunt
620 1866 786 1916 speciem
814 1866 1031 1906 visentibus.
1061 1866 1163 1907 Inter
1186 1880 1251 1906 eos
1280 1868 1441 1907 Surenas
1467 1879 1557 1916 pren-

271 1927 427 1966 ceritate
459 1925 642 1976 cultuque
673 1927 900 1978 conspicuus
924 1928 1164 1976 exsultabat,
1195 1941 1282 1967 acer-
1306 1930 1409 1967 idem
1435 1927 1555 1967 bella-

269 1996 352 2034 tor,
381 1988 416 2027 δε
443 1988 598 2038 propius
627 1988 829 2028 Medicum
855 1989 989 2029 luxum
1014 1991 1166 2029 fucatus
1193 1990 1427 2040 comtusque.
1462 2002 1553 2029 nam

271 2050 389 2088 ceteri
417 2049 540 2089 Parthi
569 2059 652 2089 tum
679 2052 795 2090 etiam
825 2051 1007 2102 Scythico
1035 2065 1141 2095 more
1168 2052 1460 2102 Germanoque,
1482 2052 1556 2090 cri.

270 2114 384 2153 nibus
412 2113 460 2152 ad
486 2113 670 2152 verticem
698 2114 871 2162 reflexis,
898 2114 941 2152 in·
969 2114 1211 2154 altitudinem
1243 2115 1506 2154 cornabantur.

325 2175 423 2214 XLI.
452 2174 599 2223 Parthi,
628 2177 799 2226 primum
825 2176 983 2215 ordines
1002 2176 1142 2221 infestis
1172 2177 1297 2220 contis
1330 2174 1551 2226 perturbare

270 2236 363 2284 nisi,
400 2236 597 2287 postquam
639 2249 773 2276 eorum
808 2237 986 2277 viderunt
1022 2237 1326 2285 firmitudinem,
1352 2247 1551 2278 momento

293 2354 334 2405 ,ς
369 2354 559 2394 xxxvm.
591 2354 679 2389 Plut.
703 2354 849 2399 Appian.
875 2355 952 2389 Sex.
977 2354 1054 2391 Ruf.
1080 2367 1109 2387 c.
1143 2364 1194 2395 17.
1227 2353 1247 2401 S
1274 2353 1344 2387 XL.
1370 2354 1459 2388 Plut.
1483 2354 1556 2397 Ap«

268 2410 362 2442 praa»
