1675 2959
237 93 297 145 82
351 73 356 79 ’
399 98 489 145 10.
538 94 1042 146 FRffiNSHEMu
1075 98 1424 147 supptsstt

235 203 372 245 consul
399 205 611 257 delignatus
634 204 782 256 legibus
804 205 972 245 ambitus
996 206 1313 258 interrogaretur,
1330 209 1518 249 Cicerone

235 267 472 307 defendente
498 266 550 305 est
573 266 792 314 absolutus;
815 266 920 316 quod
942 279 1058 306 nemo
1079 268 1256 317 judicum
1275 268 1344 307 fibi
1371 269 1420 307 de
1439 280 1520 307 am-

234 323 320 370 bitu
353 329 589 368 audiendum
627 328 700 367 effe
728 336 901 378 putaret,
924 329 1038 378 quia,
1065 335 1219 379 gerente
1248 329 1392 368 bellum
1415 329 1521 369 Cati-

233 390 337 438 lina,
358 390 529 430 sciebant
543 388 726 430 Kalendis
740 390 928 439 Januariis
951 390 1048 430 duos
1070 391 1110 429 in
1124 389 1323 442 republica
1342 389 1520 430 consules

234 452 310 491 effe
335 461 521 502 oportere.
1071 504 1073 506 Ι

300 507 561 552 LXXXVIII.
606 510 767 552 Dixerat
802 512 907 552 enim
941 511 1038 566 Cato
1070 511 1112 552 in
1139 524 1272 560 reum,
1295 506 1352 553 vir
1379 511 1522 552 nullius

238 574 319 622 rei,
345 581 459 625 quam
480 572 611 623 legum
641 575 676 613 &
699 575 818 624 aequi,
842 575 1050 614 studiosior.
1068 575 1139 623 Js,
1168 587 1258 614 cum
1283 576 1325 614 in
1351 576 1522 626 petendo

235 649 317 675 non
349 632 508 675 obscure
533 635 681 674 vidiffet
714 635 958 686 largitionem
987 635 1150 685 versari,
1177 637 1218 676 in
1245 636 1377 677 senatu
1416 638 1524 677 dixe-

235 707 314 747 rat,
330 700 570 752 accusaturum
585 697 651 750 fi,
665 698 858 751 quicunque
880 699 1066 751 pecuniam
1089 699 1252 752 dedfft:
1279 711 1400 739 unum
1423 694 1526 740 exci-

235 763 345 814 piens
366 761 562 807 Silanum,
585 761 687 810 quod
714 760 743 799 is
768 761 809 799 in
839 761 1086 801 matrimonio
1111 762 1310 803 Serviliam
1330 764 1524 816 habebat,

204 864 208 866 ,
239 824 397 864 Catonis
429 821 610 861 sororem.
656 822 837 862 Ceterum
869 836 946 873 quo
979 831 1155 875 tempore
1184 825 1346 865 Catilina
1379 826 1526 867 bellum

180 874 184 883 ¹
236 886 342 925 orsus
366 885 440 934 est,
465 897 649 934 magnum
681 885 887 924 severitatis
917 885 1196 926 documentum
1222 888 1264 928 A.
1291 887 1448 927 Fulvius
1470 889 1528 928 se-

237 956 351 988 nator
379 941 512 994 dedit,
537 947 661 987 filium
692 948 892 996 necando,
917 961 1032 998 quem
1060 949 1109 988 ad
1135 949 1338 989 Catilinam
1368 959 1526 991 euntem

238 1025 262 1050 e
293 1010 424 1049 medio
452 1010 590 1049 itinere
619 1018 827 1049 retraxerat
851 1023 860 1049 :
891 1010 1093 1061 praefatus,
1117 1026 1188 1050 non
1211 1014 1251 1065 se
1279 1015 1438 1054 Casilinae
1462 1015 1526 1052 ad-

235 1075 358 1126 versus
376 1073 557 1126 patriam,
574 1074 640 1125 fid
660 1073 784 1125 patriae
806 1074 974 1126 adversus
1003 1074 1217 1122 Catilinam,
1242 1076 1404 1128 genuiffe.
1445 1076 1527 1116 Ce-

239 1145 366 1176 terum
403 1136 598 1176 Ciceronis
630 1137 670 1175 in
699 1136 795 1175 urbe
823 1137 1018 1176 retinendi
1053 1135 1254 1176 consilium
1285 1136 1433 1177 salubre
1454 1140 1530 1178 rei-

236 1201 409 1254 publicae
438 1200 529 1239 fuit.
563 1199 602 1239 P.
632 1200 735 1238 enim
766 1198 975 1247 Lentulus,
1010 1199 1204 1250 ceterique
1234 1201 1529 1249 conjuratorum

238 1262 433 1313 principes
459 1274 537 1301 non
562 1261 758 1300 cessabant
793 1262 842 1300 de
875 1260 1047 1301 Catilinae
1072 1270 1264 1312 praecepro
1295 1263 1528 1315 adjungere,

237 1322 489 1374 quoscunque
515 1322 623 1361 novis
646 1321 758 1362 rebus
782 1322 943 1361 idoneos
970 1321 1213 1370 judicassent.

296 1383 527 1424 LXXXIX.
570 1383 723 1423 Idcirco
757 1395 848 1422 cum
881 1382 982 1421 forte
1017 1382 1094 1420 duo
1128 1381 1243 1433 legati
1275 1382 1530 1435 Allobrogum

239 1445 457 1492 venissent,
497 1447 540 1484 de
576 1446 836 1499 magistratuum
874 1446 1112 1483 Romanorum
1151 1444 1295 1497 injuriis
1331 1447 1531 1496 questum;

238 1520 310 1558 per
338 1507 373 1546 P.
390 1506 655 1555 Umbrenum,
671 1507 736 1557 qui
763 1507 982 1558 negotiatus
1003 1505 1042 1544 in
1064 1505 1187 1545 Gallia
1215 1507 1366 1556 fuerat,
1391 1507 1531 1567 sollici-

238 1576 379 1607 tantur.
423 1569 559 1618 Neque
590 1581 725 1618 parum
759 1568 943 1607 commoti
972 1567 1058 1606 sunt
1085 1569 1232 1609 feroces
1265 1572 1410 1618 animi,
1437 1583 1528 1610 cum

236 1632 325 1684 spes
346 1630 518 1667 libertatis
533 1659 544 1676 ,
563 1631 598 1668 δ’
622 1630 740 1682 ampla
764 1629 838 1667 alia
861 1630 1002 1681 praemia
1029 1629 1328 1672 ostenderentur.
1349 1631 1528 1672 Tandem

240 1693 385 1732 incerta
409 1690 635 1730 certioribus
654 1689 940 1741 posthabendo,
959 1692 1011 1742 Q.
1030 1692 1193 1732 Fabium
1216 1694 1380 1744 Sangam
1393 1723 1403 1741 ,
1421 1692 1527 1744 quod

242 1754 377 1794 civitas
399 1754 438 1791 in
467 1753 589 1792 tutela
606 1753 809 1792 Fabiorum
833 1763 935 1802 erat,
961 1754 1132 1801 adeunt,
1157 1756 1270 1804 eique
1296 1768 1375 1794 rem
1406 1764 1530 1794 totam

241 1816 432 1867 aperiunt.
459 1815 506 1855 ab
525 1815 600 1855 hoc
625 1815 756 1855 Cicero
782 1816 976 1862 edocetur.
999 1825 1184 1856 vocantur
1206 1816 1336 1867 legati.
1365 1818 1528 1856 veniunt

244 1891 335 1918 cum
351 1879 524 1919 Muraena
548 1877 705 1917 consule
729 1878 922 1928 designato
936 1911 947 1928 ,
965 1880 1186 1930 magnisque
1204 1879 1392 1929 promiffis
1418 1880 1531 1918 indu-

245 1947 408 1988 cuntur,
428 1951 487 1985 ut,
507 1940 624 1992 fludio
645 1939 899 1992 conjurationis
918 1941 1098 1993 diligenter
1111 1942 1278 1991 fimulato
1291 1971 1302 1988 ,
1329 1942 1370 1979 id
1390 1955 1501 1993 agam
1520 1971 1531 1989 ,

244 2003 297 2040 uti.
325 2016 428 2054 quam
446 2001 622 2051 certtffi'ma
648 2003 939 2054 coarguendornm
969 2003 1154 2040 noxiorum
1177 2015 1376 2055 argumenta
1399 2004 1532 2054 indipi-

238 2065 397 2117 scantur.
428 2063 576 2102 Interea
602 2076 680 2101 non
708 2064 744 2100 in
774 2062 869 2101 urbe
894 2061 1043 2109 solum,
1060 2063 1124 2102 sed
1146 2076 1213 2114 per
1235 2063 1383 2103 Italiam
1402 2065 1531 2113 magni

245 2133 375 2164 motus
407 2134 538 2173 erant,
569 2136 739 2164 ceterum
768 2125 1006 2164 festinatione
1036 2129 1070 2165 ὁὶ
1103 2126 1267 2165 amentia
1305 2129 1531 2175 conjurato-

245 2199 333 2225 rum
364 2185 442 2224 fere
468 2188 636 2226 innoxii:
669 2199 833 2236 quorum
855 2199 876 2224 e
903 2199 1062 2225 numero
1087 2186 1229 2226 multos
1256 2187 1437 2227 Metellus
1463 2188 1531 2226 Ce-

246 2246 302 2289 ler
326 2249 365 2288 in
392 2250 528 2289 Piceno
544 2281 556 2297 ,
577 2251 618 2288 in
640 2249 815 2289 citeriore
843 2249 966 2289 Gallia
987 2250 1030 2290 C.
1051 2250 1224 2290 Muraena
1239 2281 1250 2298 ,
1275 2250 1440 2289 consulis
1469 2251 1532 2289 dc.

293 2368 332 2447 §8
343 2368 562 2406 LXXXVIII.
585 2369 730 2404 Diodor.
757 2368 888 2404 Sallust.
918 2370 991 2404 Cic.
1016 2370 1049 2403 'm
1067 2369 1186 2407 Vatin.
1205 2381 1234 2405 c.
1253 2380 1292 2405 ιο
1311 2399 1321 2415 ,
1339 2371 1372 2405 δι
1391 2370 1533 2405 Catilin-

248 2424 264 2449 ι
279 2439 289 2455 ,
337 2437 348 2450 .

1674 767 1675 777 ⁴
1673 743 1675 754 a
1673 730 1675 734 r
1671 654 1675 720 *i*
1667 145 1675 647 -ssh—-ffl—ma—-n--Q
