1675 2959
254 176 351 232 312
425 172 1454 252 JO.FREINSHEMUSUPPLEMff

230 286 235 292 ·
257 289 310 317 ex
339 279 447 318 novis
477 279 610 324 Galliae
643 280 857 322 deleffibus
883 284 967 324 duae
988 287 1024 325 ἂ
1049 287 1183 337 viginti
1210 288 1421 338 venissent,
1451 302 1547 331 cum

259 342 440 380 trecentis
470 342 618 380 circiter
651 343 871 392 equitibus,
897 359 993 395 quos
1018 348 1053 386 ei
1078 362 1146 390 rex
1178 352 1342 391 Noricus
1369 353 1542 401 miserat,

258 401 378 441 altera
394 403 512 442 castra
535 404 584 442 ad
607 403 764 443 alteram
788 407 923 456 oppidi
948 418 1095 458 partem
1118 414 1430 461 ponit,Curione
1451 428 1544 465 prae-

256 462 362 502 fecto
381 493 393 511 ,
423 464 485 513 qui
514 476 602 502 cum
632 464 836 514 praesidiis,
868 480 951 517 quae
982 469 1022 508 in
1049 472 1210 513 Umbria
1233 477 1269 515 ὃς
1295 476 1428 516 Tuscis
1462 477 1545 516 fue.

256 534 370 572 rant,
398 525 446 563 ad
473 538 561 563 eum
588 525 807 565 accesserat:

309 593 449 633 LXIII.
473 593 570 632 Inde
595 595 836 635 circumdare
862 596 1027 636 obsessos
1049 599 1230 649 operibus
1254 603 1421 644 instituit.
1447 620 1541 656 quo-

254 668 341 695 rum
374 664 482 705 parte
516 657 685 695 maxima
718 659 915 707 perfecta,
950 659 1068 700 literae
1098 663 1275 704 Domitio
1304 669 1539 718 redduntur,

257 717 398 766 quibus
422 717 588 767 negabat
610 717 843 769 pompejus,
867 720 921 759 ire
946 721 984 760 se
1009 722 1175 764 subfidio
1206 727 1338 777 poffe3
1366 728 1545 777 jubebat-

259 790 359 827 que,
384 778 409 816 fi
436 777 514 817 ulla
536 780 684 818 ratione
711 783 827 820 etiam
860 790 954 822 tunc
979 785 1127 826 efficere
1161 788 1310 838 posset,
1339 790 1544 840 explicaret

255 838 356 885 sese,
381 842 417 879 ἃ
440 840 681 880 Brundifium
703 844 864 882 veniret.
891 846 966 884 Sed
986 846 1063 886 hoc
1090 850 1166 898 jam
1197 850 1320 890 serum
1346 862 1449 899 erat,
1475 853 1567 899 obs

258 900 354 940 sesso
390 911 505 951 atque
541 903 841 945 circummunito
871 909 1032 958 oppido.
1065 911 1184 961 Igitur
1211 913 1402 953 Domitius
1440 915 1542 957 clam

255 977 348 1003 cum
385 964 517 1014 paucis
555 965 809 1007 familiaribus
845 970 893 1008 de
922 971 1013 1021 fuga
1044 972 1213 1024 colloqui
1242 984 1444 1026 coeperat:
1474 976 1541 1018 sed

256 1039 491 1076 quamquam
515 1039 612 1066 voce
637 1029 835 1069 confilium
858 1045 936 1070 non
963 1034 1215 1085 prodebatur3
1240 1049 1289 1078 ex
1317 1039 1543 1088 trepidatio-

254 1101 308 1127 ne
334 1088 544 1138 vultuque,
573 1092 609 1128 ἃ
632 1088 708 1128 hoc
733 1104 849 1140 genus
874 1093 1024 1133 indiciis
1051 1097 1186 1145 patuit.
1213 1097 1364 1137 Idcirco
1402 1098 1542 1139 milites

253 1153 359 1191 :inter
386 1151 423 1190 se
449 1151 660 1201 collocuti,
694 1154 911 1196 Domitium
932 1158 1088 1209 publiqe
1108 1161 1351 1210 custodiunt3
1382 1161 1542 1213 legatos-

253 1226 330 1262 que
346 1213 503 1253 mittunt
522 1214 570 1253 ad
594 1215 777 1255 Caesarem
792 1247 802 1265 ‚
820 1226 972 1268 paratos
996 1220 1070 1260 effe
1086 1231 1216 1273 portas
1241 1225 1408 1273 aperire,
1436 1226 1471 1264 &
1492 1224 1539 1266 L.

250 1273 470 1314 Domitium
496 1276 622 1314 vivum
645 1278 808 1317 tradere.

291 1368 295 1378 ι
322 1344 459 1384 LXIV.
490 1346 565 1385 Sed
588 1346 676 1395 quia
697 1346 820 1387 serum
843 1349 920 1388 diei
941 1360 1041 1399 erat,
1071 1354 1210 1392 veritus
1234 1353 1377 1403 Caesar,
1400 1368 1449 1394 ne
1468 1367 1537 1406 per

252 1409 482 1446 nocturnam
516 1407 713 1448 licentiam
747 1412 936 1461 oppidum
975 1413 1222 1465 diriperetur,
1259 1418 1300 1457 id
1327 1419 1430 1468 quod
1464 1417 1538 1458 suis

248 1468 363 1508 rebus
388 1477 469 1515 erat
490 1469 665 1510 futurum
689 1471 976 1524 alienissimum,
999 1489 1092 1526 quas
1117 1477 1302 1529 opinione
1322 1480 1535 1520 clementiae

249 1531 480 1570 confirmare
508 1533 712 1583 cupiebat3
750 1535 920 1575 afferv-ari
954 1539 1097 1583 interea
1129 1541 1318 1591 oppidum
1350 1555 1371 1581 a
1398 1542 1536 1582 Domi-

247 1594 365 1632 tianis
388 1594 576 1635 militibus
596 1596 717 1645 jubet.
738 1598 817 1648 ipse
834 1599 984 1639 suorum
1007 1602 1153 1652 vigilias
1169 1603 1421 1655 stationesque
1441 1606 1533 1644 den.

245 1653 305 1693 sas
328 1655 602 1706 circumponit,
621 1671 699 1697 non
720 1659 895 1700 adversus
911 1664 1155 1713 eruptionem
1172 1666 1311 1713 modo,
1331 1665 1395 1705 fed
1416 1667 1534 1705 etiam

248 1717 427 1756 :adversus
450 1718 612 1758 furtivos
637 1721 801 1771 egressus
828 1723 1070 1774 fingulorum.
1105 1726 1216 1766 Circa
1242 1736 1414 1777 quartam
1438 1728 1535 1778 vigi-

246 1778 342 1818 liam
381 1779 565 1819 Lentulus
601 1781 781 1831 Spinther
827 1784 875 1823 de
910 1798 1022 1825 muro
1059 1786 1286 1828 Caesarianos
1318 1789 1530 1838 inclamat,

247 1841 466 1891 deducique
489 1844 537 1882 ad
556 1843 738 1884 Caesarem
764 1848 872 1896 petit.
897 1849 1084 1889 deductus
1108 1858 1213 1899 orat,
1241 1859 1282 1890 ut
1304 1851 1340 1890 fe
1362 1865 1429 1901 pro
1456 1853 1532 1902 pri·

247 1902 353 1942 stinis
377 1903 449 1942 suis
483 1904 678 1945 beneficiis
707 1908 942 1949 incolumem
975 1910 1089 1959 velit,
1121 1914 1251 1952 onmia
1279 1926 1533 1960 emmeram,

245 1964 351 2014 quod
370 1977 443 2014 *per
466 1964 651 2006 Caesarem
675 1968 714 2006 in
737 1969 943 2020 collegium
966 1973 1194 2021 pontificum
1221 1973 1399 2022 venisset,
1422 1974 1528 2024 quod

245 2038 295 2075 ejx
325 2037 484 2076 praetura
512 2028 737 2079 Hispaniam
769 2032 957 2072 habuisset
982 2036 1240 2084 provinciam,
1267 2036 1371 2086 quod
1397 2036 1436 2075 in
1459 2049 1527 2087 pe-

241 2090 379 2128 titione
408 2089 624 2131 consulatus
656 2093 781 2133 fuiffet
808 2094 855 2133 ab
884 2108 930 2134 eo
959 2091 1126 2146 adjutus.

298 2150 414 2190 LXV.
447 2152 591 2201 Caesar,
613 2153 720 2204 plura
748 2159 1043 2197 commemorari
1077 2172 1152 2197 non
1188 2159 1331 2209 passus,
1362 2159 1532 2198 neminis

243 2212 359 2261 odio,
386 2212 451 2252 sed
482 2224 522 2253 ut
553 2215 727 2257 tribunos
753 2219 875 2269 plebis
901 2222 940 2259 in
968 2221 1072 2261 suam
1106 2223 1362 2273 dignitatem,
1391 2224 1427 2261 δε
1454 2235 1527 2273 po-

289 2342 311 2386 §
333 2343 434 2377 [ΧΠ.
470 2346 553 2378 Caes.
577 2347 692 2380 Senec.
718 2349 757 2389 de
781 2349 890 2381 benef.
921 2348 1006 2382 Plin.
1030 2361 1070 2391 7,
1095 2362 1145 2394 53.
1181 2352 1202 2394 5
1231 2350 1349 2384 L*<111.
1380 2352 1523 2387 Sueton.

247 2395 281 2427 in
306 2395 434 2430 Neron.
455 2409 485 2438 c.
509 2411 541 2432 2.
563 2399 649 2434 Cas.
672 2400 753 2434 Dio.
774 2400 850 2434 Liv.
871 2402 963 2445 Epir.
996 2401 1017 2447 5
1045 2401 1167 2438 LXIV.
1192 2403 1264 2435 Cic.
1289 2404 1328 2436 ad
1348 2403 1454 2437 Attic.
1479 2403 1521 2443 S.

240 2458 279 2493 33
302 2446 333 2480 δ(
356 2460 410 2489 222
