1675 2959
222 87 356 134 IN
389 83 570 133 Loc
622 81 767 127 Lrss
803 79 950 126 cvm
1005 80 1076 125 L
1096 79 1155 124 v
1292 53 1389 125 χέε

113 200 227 248 pente
247 192 435 233 comitum
460 191 614 230 invocat
648 188 790 234 fidem,
817 184 1073 234 conversoque
1100 178 1201 234 equo
1229 181 1392 221 Voluse-

112 270 203 297 num
229 257 345 306 petit.
381 254 496 292 ceteri
529 252 675 291 strenue
701 250 904 300 sequuntur
935 247 1100 295 ducern3
1132 244 1321 290 Romani,
1354 250 1396 281 re·

112 317 311 368 improvisa
333 315 478 361 territi,
505 322 608 364 terga
632 321 793 353 vertunt.
823 308 981 351 Comius
1007 306 1195 352 Quadrati
1220 306 1398 347 medium

113 381 238 419 femur
272 378 404 418 lancea
434 377 603 425 trajicit:
642 374 810 425 praefec‘ti
843 370 980 413 vulnus
1014 372 1214 412 Romanos
1246 365 1400 418 pudore

113 442 214 482 sistit.
249 441 306 480 Ab
333 441 392 479 his
420 440 545 478 denuo
571 444 765 478 vertuntur
792 437 831 475 in
852 436 981 486 fugam
1008 433 1119 475 Galli
1149 432 1234 471 Hac
1257 442 1295 469 re
1315 441 1400 479 per-

113 510 288 552 petrata,
316 501 500 548 Comius,
527 500 600 540 sive
627 498 900 551 quodflmultos
927 497 1083 536 suorum
1103 493 1299 538 amiserat,
1322 490 1400 529 five

114 564 238 604 dolori
272 564 339 603 suo
374 562 605 604 satisfactum
636 564 818 611 rebatur,
851 560 996 611 legatos
1023 560 1072 599 ad
1102 559 1160 600 Μ.
1188 554 1401 597 Antonium

113 626 239 673 mifit,
263 627 432 678 imperata
447 625 619 678 fhllurum
634 624 840 677 pollicitus,
864 625 944 661 dum
959 638 1001 661 ne
1023 620 1174 659 Romani
1199 617 1401 670 cujusquam

114 689 154 726 in
183 688 391 741 conspeblum
426 689 570 727 veniret.
606 686 822 732 Αηῑοηὶυε,
858 685 905 728 ab
940 684 1036 733 justo
1074 689 1180 720 metu
1213 675 1402 730 proficisci

118 749 306 798 postulata
319 749 445 789 Comii
467 747 811 796 ratus‚obs1dibus
831 745 1020 796 acceptis,
1046 745 1199 782 veniam
1229 742 1402 780 aelorum

119 810 321 858 omnibus,
345 811 409 860 qui
435 822 523 850 cum
547 823 592 848 eo
617 810 796 856 fuerant,
816 811 851 848 ὁ(
879 808 971 857 ipfi,
995 819 1111 857 quam
1138 804 1322 856 petierat,
1346 798 1404 840 vi-

118 871 229 909 tandi
262 871 459 910 Romanos
492 870 715 909 facultatem
746 868 942 907 concesslt.
976 896 982 903 .
1299 863 1316 886 Ψ

174 932 310 973 XXX.
347 934 471 982 Atque
494 932 557 970 hic
584 931 771 970 bellorum
792 942 926 971 eorum
951 928 1038 968 finis
1064 927 1161 974 fuit,
1188 926 1295 965 omni
1315 922 1406 964 Gal-

118 985 171 1031 fia
192 993 246 1032 cis
265 992 443 1032 Rhenum
456 1023 467 1041 ‚
486 1003 600 1043 atque
618 994 717 1031 inter
742 1004 845 1031 mare
865 990 1212 1034 mediterraneum,
1230 988 1266 1025 ἃ
1283 983 1407 1025 Οεεειέ

121 1056 335 1102 num,nis1
368 1070 441 1106 qua
467 1056 704 1107 paludibus
695 1056 796 1094 mvia
826 1055 925 1099 fuit,
957 1051 1186 1103 perdomita.
1219 1048 1322 1088 Dum
1346 1046 1406 1086 his

120 1119 235 1158 rebus
262 1120 382 1160 Caesar
405 1129 638 1171 occupatur,
663 1120 719 1175 Μ.
746 1117 951 1159 Marcellus
973 1114 1105 1155 consul
1129 1113 1298 1153 edietum
1321 1121 1410 1160 pro-

123 1182 276 1231 posuit,
303 1184 344 1220 de
360 1184 497 1236 summa
521 1184 561 1235 J}
588 1183 766 1234 republica
792 1184 974 1221 aelurum.-
1000 1177 1249 1229 proximoque
1277 1172 1408 1212 senatu

125 1244 173 1282 de
203 1244 332 1284 multis
368 1245 479 1283 rebus
507 1252 639 1283 contra
674 1243 828 1283 Caesaris
852 1243 1018 1282 rationes
1050 1238 1208 1286 retulit3
1242 1234 1408 1275 maxime

122 1309 165 1344 de
182 1309 392 1359 provincia,
416 1322 520 1360 quam
544 1321 579 1345 a
607 1308 641 1345 d.
668 1307 818 1344 Kalend.
843 1304 1002 1344 Martias
1026 1300 1186 1351 jubebat
1207 1297 1409 1342 terminari,

126 1368 350 1421 Caesaremque
372 1370 421 1407 ad
438 1369 639 1421 petitionem
664 1367 868 1419 consulatus
891 1365 1022 1403 venire.
1051 1365 1149 1404 Nam
1170 1363 1203 1400 δ’
1220 1360 1308 1398 bello
1329 1371 1409 1396 corz-

118 1428 237 1481 fiblo,
263 1430 393 1468 dimitti
423 1431 581 1468 vielorem
610 1428 794 1466 exercitum
823 1427 963 1464 debere:
998 1423 1033 1462 6³
1063 1422 1216 1476 absentis
1240 1421 1408 1458 rationem

125 1492 275 1529 comitiis
298 1506 367 1529 non
390 1493 581 1531 habendam
593 1507 610 1540 ;
644 1491 728 1543 quia
748 1490 819 1542 lege
844 1487 1042 1541 Pompeja,
1070 1499 1137 1538 quo
1160 1483 1271 1535 capite
1291 1483 1411 1534 abfin-

127 1565 177 1591 tes
201 1556 367 1593 honorum
391 1555 562 1607 petitione
582 1553 893 1609 submovebantur‚
926 1566 967 1588 ne
1003 1549 1116 1602 Caesar
1141 1548 1277 1601 quidem
1308 1558 1412 1584 exce-

122 1625 210 1665 ptus
228 1615 314 1666 effer,

183 1676 341 1716 XXXI.
366 1677 545 1726 Namque
569 1676 795 1726 pompejus,
817 1686 906 1713 cum
929 1671 1113 1712 Caesarem
1146 1669 1322 1718 excipere
1345 1678 1415 1704 no-

131 1739 306 1778 minatim
336 1738 545 1787 debuisset,
572 1738 646 1777 five
666 1751 733 1788 per
754 1736 1013 1783 oblivionem,
1034 1734 1099 1773 seu
1123 1729 1316 1775 consulto,
1333 1727 1415 1767 Cae-

131 1798 221 1838 saris
247 1801 483 1839 mentionem
510 1799 656 1839 nullam
687 1799 831 1838 fecerat
853 1814 861 1837 :
897 1799 933 1838 ὃς
959 1796 1141 1842 demum,
1164 1792 1248 1842 lege
1267 1793 1344 1840 jam
1372 1788 1416 1830 in

134 1873 182 1898 aes
211 1861 351 1909 incisa,
374 1863 409 1901 ἃς
428 1862 467 1900 in
489 1862 660 1900 aerarium
685 1861 864 1906 condita,
879 1864 1090 1898 correxerat
1112 1866 1287 1894 errorem.
1311 1852 1413 1891 Item

133 1921 342 1961 Marcellus
378 1923 426 1960 de
459 1923 613 1961 civitate
645 1919 1000 1963 Novocomenfibus
1027 1915 1232 1956 adimenda
1261 1910 1416 1960 retulit‚'

136 1995 254 2031 quam
286 1983 477 2022 coloniam
512 1984 709 2034 rogatione
740 1981 889 2021 Vatinia
928 1979 1048 2020 Caesar
1085 1978 1319 2022 deduxerat3
1351 1986 1417 2026 per

135 2046 355 2083 ambitionem
376 2046 411 2083 δ’
441 2047 534 2084 ultra
550 2047 782 2099 praescriptum
806 2047 925 2083 datam
952 2041 1135 2081 causatus.
1174 2040 1324 2079 Donata
1348 2049 1415 2074 au-

136 2115 216 2145 tem
242 2109 325 2156 J‘ure
349 2108 448 2152 Latii
478 2109 632 2148 Novum
658 2108 824 2148 Comum
858 2105 1011 2144 colonia
1043 2104 1186 2142 fuerat:
1225 2114 1300 2151 quo
1330 2110 1413 2148 Jure

138 2180 223 2217 quae
237 2178 344 2208 erant
366 2170 550 2218 coloniae‚
579 2172 620 2209 in
643 2170 716 2217 iis
741 2169 804 2219 qui
819 2167 1075 2218 magistratum
1098 2175 1268 2203 annuum
1292 2159 1416 2210 gellis-

138 2229 224 2278 set,
255 2245 300 2271 eo
328 2232 408 2283 ipso
444 2234 639 2272 civitatem
669 2233 830 2282 adeptus
866 2231 1077 2270 Romanam
1114 2224 1408 2274 intelligebatur.

139 2291 277 2331 Talem
302 2293 465 2344 aliquem
487 2293 694 2334 Marcellus
727 2295 858 2332 naclus
883 2291 994 2342 virgis
1013 2288 1175 2334 cecidit,
1201 2299 1275 2335 qua
1295 2297 1411 2335 poena

200 2396 225 2446 5
248 2396 374 2430 ΧΧΙΧ.
399 2397 497 2432 Oros.
517 2398 608 2434 Hirt.
630 2399 744 2432 From.
768 2397 850 2432 Dio„
875 2396 897 2439 5
920 2394 1028 2433 XXX*
1057 2390 1158 2427 Oros.
1183 2389 1274 2424 Hirr,

1476 166 1486 183 ἱ
