1675 2959
309 141 401 205 386
478 143 571 189 JO.
615 142 1109 219 FREINSHEMII
1150 144 1503 194 SUPPLEM.

307 248 415 288 xima
443 249 588 288 exstitit
614 250 755 288 virtus:
782 249 848 288 sed
875 249 1107 299 singulorum
1135 260 1224 289 ante
1245 250 1456 290 Crastinum
1480 264 1596 292 nemo

306 310 396 350 fuit.
444 311 594 350 Idcirco
631 310 793 349 cadauer
827 311 909 358 ejus
945 311 1066 365 (nam
1102 314 1238 352 adacto
1278 314 1318 351 in
1358 326 1400 352 os
1438 313 1599 364 gladio,

305 374 393 425 post
413 375 682 414 ferocissimam
706 387 875 424 pugnam
897 375 1118 425 ceciderat)
1149 378 1380 418 militaribus
1401 379 1515 418 donis
1538 392 1598 418 or-

304 446 440 475 natum
466 436 613 482 Caesar,
649 437 803 486 proprio
831 436 1007 486 sepulcro
1036 438 1278 489 inferendum
1304 442 1475 490 curavit3
1504 453 1595 481 cum

307 497 425 535 ceteri
449 510 524 535 uno
553 497 751 535 communi
771 497 922 536 tumulo
946 497 1210 539 humarentur.

365 560 489 600 LXX.
533 561 592 598 De
618 560 849 612 Pompejanis
879 562 1015 599 circiter
1043 562 1158 600 millia
1191 562 1384 615 quindecim
1414 563 1593 616 ceeidff’,

308 620 432 659 Caesar
460 619 650 667 affirmat;
688 621 754 670 qui
783 621 903 671 magis
937 630 1097 671 augent,
1128 622 1261 675 viginti
1285 623 1433 676 quinque
1454 624 1595 662 millia:

306 682 375 721 sed
401 681 547 720 Afinius
575 680 696 726 Pollio
712 711 723 728 .,
747 683 812 731 qui
835 693 961 720 rerum
985 682 1139 721 istarum
1155 681 1348 722 historiam
1370 683 1501 723 Graeco
1523 683 1596 722 ser·
1635 684 1639 686 ’

304 756 424 784 mone
449 743 673 791 contexuit,
700 745 770 797 sex
795 744 935 781 omnino
953 744 1069 782 millia
1099 744 1248 782 militum
1265 743 1377 796 occisa
1405 744 1594 793 tradidit,

301 806 470 856 reliquam
499 805 753 843 multitudinem
784 805 961 857 servorum
985 803 1120 856 fissffi's
1143 804 1390 856 interftfforrtm
1415 806 1593 854 maxime,

301 869 385 905 dum
405 868 515 919 casira
535 867 733 919 capiuntur.
762 865 891 904 dedita
911 865 999 904 sunt
1016 864 1180 915 amplius
1203 865 1325 905 millia
1345 866 1477 916 viginti
1500 880 1594 917 qua-

300 936 409 976 tuor,
425 942 506 979 quae
526 930 647 968 ferme
671 929 774 978 apud
799 929 982 967 vic‘torem
998 927 1236 966 sacramento
1257 928 1447 968 dixerunt.
1478 929 1596 979 Equi-

300 998 358 1030 tes
373 991 538 1030 Romani
560 991 809 1040 quadraginta
838 990 919 1030 caefi
943 989 1048 1036 sunt,
1074 990 1122 1028 de
1148 988 1375 1029 illustribus:
1403 990 1594 1030 senatores

301 1053 451 1092 decem.
488 1053 527 1091 in
553 1052 690 1103 quibus
716 1053 756 1092 L.
772 1052 1014 1099 Domitium,
1038 1064 1086 1090 ex
1112 1052 1235 1090 castris
1260 1053 1300 1090 in
1327 1061 1510 1091 montana
1531 1053 1594 1091 fu-

301 1116 498 1166 gientem,
527 1116 718 1154 Antonius
743 1126 832 1152 eum
870 1113 1061 1163 equitibus
1098 1112 1172 1153 suis
1213 1114 1430 1163 occupavit.
1474 1115 1592 1164 Signa

299 1178 481 1217 militaria
513 1178 561 1217 ad
586 1177 774 1218 Caesarem
800 1176 918 1216 relata
944 1176 1030 1215 sunt
1056 1185 1213 1215 centum
1239 1176 1457 1227 octoginta,
1484 1177 1593 1227 aqui-

299 1238 346 1278 lae
365 1251 517 1278 novem.
540 1279 542 1282 ,

357 1300 506 1341 LXXI.
541 1299 636 1339 Haec
668 1298 826 1338 victoria
861 1297 1044 1347 Caesaris,
1077 1312 1154 1348 qua
1181 1305 1395 1349 pugnatum
1425 1298 1477 1337 est
1503 1298 1592 1348 die,

297 1364 342 1404 in
366 1362 622 1402 remotiffimis
642 1370 828 1401 terrarum
853 1363 1027 1401 nuntiata
1056 1361 1119 1401 est.
1148 1363 1250 1402 Nam
1281 1363 1316 1401 ἅ
1337 1361 1513 1411 strepitus
1537 1375 1594 1401 ar-

299 1438 480 1472 morum,
515 1423 845 1475 pugnantiumque
869 1423 1058 1461 tumultus
1087 1434 1173 1462 cum
1204 1421 1293 1461 alibi
1325 1422 1502 1461 locorum
1524 1436 1590 1462 au-

299 1487 402 1526 ditus
430 1487 503 1535 est,
542 1496 626 1525 tum
656 1485 873 1526 Antiochiae
900 1486 940 1524 in
967 1485 1072 1536 Syria
1112 1485 1189 1524 bis:
1228 1485 1409 1535 idemque
1445 1485 1589 1524 accidit

295 1549 556 1591 Ptolemaide:
583 1551 618 1588 ὃς
644 1548 836 1589 Trallibus
862 1548 911 1586 ad
936 1547 1095 1586 statuam
1119 1546 1293 1593 Caesaris,
1321 1560 1404 1596 quae
1431 1547 1588 1586 dedica-

294 1622 334 1655 ta
368 1616 408 1653 in
434 1614 524 1653 fano
558 1613 736 1652 Vic‘toriae
771 1613 922 1657 fuerat,
956 1624 1036 1649 non
1071 1624 1120 1650 ex
1151 1610 1296 1659 humo,
1326 1610 1392 1649 sed
1417 1622 1464 1649 ex
1489 1612 1586 1649 duro

296 1678 334 1715 ἃ
362 1676 476 1714 strato
506 1673 673 1713 filicibus
699 1673 807 1721 solo,
843 1671 971 1723 palma
1000 1671 1266 1721 magnitudine
1294 1682 1445 1711 matura
1475 1682 1587 1712 enata

294 1738 371 1777 est:
400 1739 436 1776 ἃ
466 1737 658 1786 Pergami,
680 1736 721 1774 in
743 1734 890 1784 templo
919 1734 1044 1773 Liberi
1067 1734 1180 1782 patris
1197 1762 1208 1779 ,
1230 1732 1270 1771 in
1297 1733 1475 1772 interiore
1499 1746 1585 1783 par-

293 1806 334 1838 te
353 1799 443 1838 aedis
459 1828 471 1845 ,
497 1810 575 1848 quo
602 1807 735 1848 praeter
761 1796 977 1836 sacerdotes
1003 1793 1127 1832 aditus
1157 1793 1208 1831 est
1231 1794 1405 1842 nemini,
1434 1804 1588 1845 tympa-

293 1874 436 1900 norum
465 1859 813 1912 cymbalorumque
838 1857 981 1897 sonitus
1011 1855 1212 1906 increpuit.
1242 1855 1352 1896 Elide
1375 1857 1415 1894 in
1437 1855 1584 1906 templo

294 1925 481 1966 minervae
506 1923 751 1963 simulacrum
774 1921 963 1969 katorhe,
985 1920 1089 1969 quod
1115 1919 1302 1959 Minervae
1327 1919 1428 1969 signo
1449 1918 1588 1958 obver-

291 1987 377 2027 sum
406 1987 553 2033 fuerat,
577 1985 615 2023 se
643 1984 857 2031 convertit,
883 1981 1084 2032 valvasque
1106 1979 1241 2030 templi
1271 1980 1449 2030 respexit.

368 2047 534 2086 LXXII.
565 2047 640 2086 Sed
675 2044 776 2084 nihil
801 2043 1034 2093 expressius,
1067 2055 1180 2092 quam
1203 2042 1306 2091 quod
1333 2055 1352 2080 e
1385 2042 1584 2092 municipe

298 2112 334 2150 &
363 2109 548 2147 familiari
578 2108 644 2147 suo
680 2109 721 2147 C.
752 2105 930 2146 Cornelio
960 2106 1135 2143 auditum
1168 2103 1297 2144 Livius
1328 2104 1497 2143 tradidit.
1546 2104 1582 2143 Is

290 2172 392 2212 forte
418 2171 592 2209 sacerdos
627 2170 768 2209 Patavii
795 2179 876 2207 tum
911 2180 1066 2217 operam
1099 2167 1257 2216 augurio
1284 2166 1427 2214 dabat3
1463 2178 1577 2214 cum,

291 2235 377 2274 visis
399 2234 532 2273 avibus
552 2234 771 2278 nonnullis,
788 2232 1030 2271 vaticinantis
1047 2231 1085 2268 in
1104 2230 1262 2268 modum
1276 2260 1286 2276 ,
1308 2230 1464 2282 proelias-11
1490 2243 1581 2266 com-

291 2297 383 2335 mitti
415 2295 640 2334 confirmare
668 2293 914 2344 praesentibus
943 2293 1087 2342 coepit:
1127 2291 1308 2340 idemque
1341 2289 1423 2339 post
1461 2287 1578 2339 paulo

339 2414 360 2454 ξ
385 2413 505 2445 LXIX.
533 2411 621 2443 Caes.
648 2411 793 2453 Appian.
814 2411 903 2443 Flor.
931 2410 952 2453 §
976 2409 1079 2442 LXX.
1098 2409 1184 2442 Caes.
1205 2408 1354 2451 Appian.
1380 2407 1456 2444 Put.
1479 2407 1562 2440 Dio.

293 2450 367 2493 cre.
396 2458 483 2492 Phil.
508 2468 548 2501 ι,
569 2469 621 2501 29.
647 2457 668 2502 5
691 2455 810 2491 Lxm,
839 2455 921 2490 Dio.
954 2454 1038 2488 caer.
1065 2455 1156 2488 Plut.
1183 2453 1251 2489 Jui.
1275 2451 1404 2497 obse-1.
