1675 2959
282 181 378 238 332
444 175 535 224 JO.
570 177 1067 225 FREINSHEMII
1105 178 1467 228 SUPPLEM

280 280 356 331 piae
379 283 668 332 accenduntur,
705 283 961 334 proeliumque
978 285 1187 334 postulant:
1206 288 1243 338 fi
1268 287 1338 325 haec
1362 284 1566 338 praetemiu

279 351 377 379 tatur
399 345 556 394 occasio,
575 345 615 395 se
640 346 758 397 postea
772 373 782 392 ‚
815 359 890 382 cum
915 346 1024 397 Caesar
1047 348 1171 397 vellet,
1200 362 1271 387 non
1299 348 1362 401 ff
1383 359 1561 400 pugnatu-

277 416 360 450 ros,
389 413 592 444 minantur.

332 465 497 504 XXVII.
529 464 649 504 Caesar
673 473 801 503 tamen
825 478 950 516 neque
975 467 1062 506 suos
1088 468 1255 517 objicere
1277 469 1495 510 vulneribus
1522 471 1561 509 &

275 524 447 574 periculo
467 525 625 574 volens,
650 538 774 577 neque
798 527 899 566 cives
925 528 1103 567 occidere
1118 560 1129 577 ‚
1155 530 1292 580 quibus
1313 531 1560 579 clementiam

273 585 380 625 suam
406 587 586 626 omnibus
604 588 732 627 modis
754 589 966 639 approbare
988 589 1185 639 studebat,
1206 591 1382 630 abstinuit
1395 591 1559 642 proelio,

272 647 447 685 futurum
474 648 650 697 sperans,
690 657 732 687 ut
758 649 834 688 fine
862 663 990 700 pugna
1016 649 1162 689 bellum
1190 651 1417 699 conficeret,
1450 652 1560 701 quod

273 709 311 746 ἃ
338 721 436 758 aqua
460 711 495 748 ἅτ
517 722 558 748 re
585 709 834 749 frumentaria
860 711 984 750 hostes
1008 711 1280 752 intercluserat.
1303 713 1423 762 Igitur
1441 713 1559 751 castra

271 783 390 820 quam
417 773 595 821 proxime
620 771 767 812 hostem
792 773 946 824 posuit:
979 776 1014 814 δε
1049 775 1251 824 postridie,
1279 788 1368 814 cum
1396 776 1556 825 Pompe-

271 832 352 880 jani
378 832 598 883 frequentes
625 842 807 884 aquatum
831 835 1046 882 exivissem,
1074 836 1240 875 immisso
1264 838 1434 887 equitatu
1456 836 1558 877 nihil

275 890 330 928 eis
355 899 480 931 tutum
511 903 577 932 aut
604 893 853 943 tranquillum
873 893 946 933 effe
971 894 1094 944 passus
1123 895 1187 934 est.
1223 896 1277 935 Ea
1305 909 1345 934 re
1375 897 1559 947 cognita,

271 951 450 992 Afranius
477 964 592 1004 atque
615 955 783 1004 Petrejus
806 956 845 994 id
872 956 1017 995 confilii
1040 955 1218 1007 capiunt,
1240 966 1307 1005 ut,
1333 971 1356 996 a
1380 957 1480 997 vallo
1505 958 1557 999 ad

271 1026 412 1064 aquam
436 1015 600 1055 brachiis
624 1017 769 1065 ductis,
798 1020 1042 1068 aquationem
1067 1020 1289 1069 expediant.
1317 1021 1443 1070 Hujus
1462 1034 1555 1071 ope-

271 1077 322 1115 ris
358 1077 469 1117 causa
500 1091 587 1118 cum
617 1079 769 1129 longius
802 1080 920 1130 paulo
947 1080 1213 1130 discessissent,
1241 1081 1400 1121 liberam
1426 1083 1555 1122 collo-

267 1140 412 1189 quendi
440 1140 668 1180 facultatem
693 1142 792 1181 nacti
817 1142 956 1182 milites
973 1174 984 1192 ‚
1012 1144 1060 1183 de
1084 1157 1179 1194 pace
1206 1158 1316 1195 agere
1336 1145 1552 1196 incipiunt:

267 1201 533 1254 paulatimque
557 1217 603 1243 eo
638 1205 958 1255 progrediuntur,
985 1217 1027 1246 ut
1053 1206 1359 1246 incolumitatem
1390 1208 1555 1248 ducibus

266 1266 397 1315 paeri,
423 1279 491 1316 per
522 1266 709 1317 primores
734 1266 1003 1307 centurionum
1031 1266 1166 1308 Caesari
1192 1268 1464 1319 pollicerentur
1481 1299 1492 1318 ‚
1512 1272 1558 1323 fi*

254 1328 363 1380 figna
388 1330 439 1366 ad
469 1342 543 1366 eum
564 1329 800 1366 translaturos
820 1329 894 1381 ff.

322 1389 511 1429 XXVIII.
536 1389 634 1429 Cum
659 1393 736 1439 jam
763 1391 938 1430 omnium
959 1390 1158 1431 voluntate
1182 1406 1250 1443 pro
1276 1393 1452 1434 confeoa
1473 1408 1554 1445 pax

264 1445 495 1496 haberetur,
530 1458 714 1501 tanquam
746 1465 820 1490 una
852 1465 901 1491 ex
936 1453 1087 1492 duobus
1115 1453 1230 1492 castra
1270 1454 1370 1493 facta
1408 1455 1554 1504 essent,

266 1511 448 1561 permixti
479 1511 642 1560 milites,
668 1521 710 1552 ut
745 1513 901 1564 quisque
932 1515 1018 1554 suos
1050 1516 1089 1553 in
1116 1515 1282 1554 tentoria
1312 1516 1552 1566 abduxerat,

264 1582 335 1613 aut
361 1573 478 1614 secuti
515 1574 688 1621 fuerant,
724 1576 848 1616 multa
882 1576 1011 1617 laetitia
1043 1580 1079 1618 δε
1111 1577 1364 1627 gratulatione
1395 1582 1552 1620 noctem

262 1636 522 1676 celebrabant.
551 1638 620 1678 His
648 1638 759 1678 rebus
784 1640 945 1688 auditis,
961 1641 1137 1680 Afranius
1158 1643 1197 1680 in
1225 1642 1339 1680 castra
1363 1643 1550 1692 recurrit,

262 1699 322 1740 ita
345 1708 612 1750 comparatus,
638 1711 702 1750 ut,
733 1702 922 1753 quidquid
951 1702 1172 1748 accidisset,
1195 1701 1338 1742 laturus
1368 1716 1448 1743 non
1474 1704 1551 1742 ini-

264 1774 344 1811 quo
373 1763 501 1801 animo
523 1763 726 1803 videretur.
759 1765 807 1805 At
830 1765 999 1814 Petrejus
1023 1765 1212 1805 familiam
1236 1775 1375 1813 armat,
1403 1769 1437 1806 ἃς
1459 1778 1551 1807 cum

265 1822 341 1863 hac
362 1827 397 1864 δε
417 1825 589 1875 praetoria
613 1826 793 1875 cohorte,
823 1829 859 1867 Sc
887 1830 1020 1878 paucis
1043 1827 1210 1867 barbaris
1226 1828 1417 1879 equitibus
1436 1828 1553 1868 bene.

263 1885 417 1925 ficiariis
441 1887 514 1926 suis
533 1919 544 1936 ‚
565 1887 689 1927 subito
710 1888 889 1938 advolat,
905 1891 940 1930 ἃ
959 1898 1149 1940 quotquot
1162 1883 1455 1941 deprehendere⁴
1473 1891 1554 1931 Cae.

261 1947 351 1987 saris
383 1949 545 1989 militum
585 1951 732 2001 potest,
760 1952 987 1999 obtruncat;
1024 1961 1132 1991 tanto
1168 1954 1319 2002 furore,
1352 1962 1395 1991 ut
1429 1953 1549 1993 etiam

260 2011 458 2050 tribunum
481 2025 501 2050 e
532 2013 626 2059 suis,
647 2015 713 2063 qui
743 2014 902 2052 retinere
927 2014 1117 2064 impetum
1138 2017 1218 2064 ejus
1236 2015 1429 2063 voluerat,
1457 2027 1548 2055 con-

263 2070 424 2110 foderet.
466 2072 616 2113 Deinde
640 2074 734 2112 flens
755 2074 929 2113 circumit
948 2076 1193 2126 manipulos,
1217 2092 1258 2115 ne
1275 2079 1339 2130 se,
1361 2092 1424 2114 neu
1440 2078 1546 2115 Pom-

255 2133 375 2187 pejum
399 2136 569 2186 absentem
597 2138 756 2189 deserant
775 2139 993 2190 produntque
1008 2169 1022 2185 ,
1044 2139 1229 2179 obsecrat.
1254 2139 1392 2187 Miles,
1421 2138 1551 2178 subito.

260 2195 473 2235 immutatis
502 2199 666 2245 animis,
709 2200 748 2236 in
784 2199 1002 2248 praetorium
1030 2201 1233 2239 concurrit.
1266 2200 1324 2240 Ibi
1352 2202 1545 2250 jusjuran-

261 2256 355 2295 dum
388 2258 560 2307 concipit
594 2258 781 2307 Petrejus,
810 2262 851 2312 se
876 2263 1061 2300 exercitum
1094 2263 1259 2315 ducesque
1284 2277 1354 2300 non
1382 2264 1545 2314 proditu-

258 2332 355 2366 rum,
388 2335 493 2371 neque
522 2319 754 2372 deftrturutn,
787 2336 891 2374 neque
913 2324 983 2374 fibi
1003 2325 1191 2376 separatim
1220 2340 1244 2362 a
1269 2325 1413 2377 reliquis
1435 2326 1545 2376 consi-

267 2437 346 2515 css
360 2437 489 2514 {JVL
518 2437 599 2474 Dio.
628 2438 712 2472 Caes.
743 2438 890 2485 Appian.
926 2440 1019 2474 civil.
1044 2441 1067 2475 1.
1096 2449 1126 2476 2.
1160 2440 1182 2486 S
1219 2441 1360 2476 XXVII.
1393 2441 1547 2487 Appiam.

299 2493 354 2514 ε.
409 2491 457 2515 ιο.
