1675 2959
270 139 362 184 114
426 125 521 172 JO.
561 124 1071 171 FRElNSHEMII
1110 125 1476 173 SUPPLEM.

267 232 464 279 Creticus,
501 231 542 271 L.
565 230 748 278 Flaccus,
787 233 822 270 δι
846 230 1030 271 Lentulus
1057 232 1239 272 Clodiani
1265 232 1377 273 filius.
1417 234 1554 273 Pacata

263 299 394 332 tamen
419 293 617 343 provincia
642 292 801 339 mansit,
833 304 923 330 cum
947 293 1106 332 victoria
1136 294 1179 334 C.
1206 295 1372 334 Pontinii
1394 296 1554 335 facilem

263 355 316 395 ad
337 354 512 405 reliquias
539 353 730 403 pacandas
757 352 855 391 viam
878 353 1102 403 paravisset:
1137 364 1252 405 atque
1281 355 1368 404 ille,
1394 367 1554 396 conten.

266 425 330 456 tus
358 416 567 464 domuisse,
584 415 646 465 qui
670 413 1059 463 rebellaverant‚,non
1081 415 1263 456 laceffivit
1289 418 1451 468 quietos.
1481 419 1554 469 lgi-

262 485 326 517 tur
345 490 435 516 cum
460 485 636 515 motuum
655 474 891 515 Gallicorum
905 488 1025 514 vanus
1051 488 1182 514 rumor
1200 477 1349 526 fuisset,
1369 480 1404 518 ὅ(
1428 479 1554 518 otium

263 551 286 578 e
317 538 438 578 Gallia
462 537 724 583 nuntiaretur,
753 536 801 575 ad
833 535 966 575 civiles
1000 538 1272 576 contentiones
1298 540 1421 578 acrius
1446 540 1557 578 redi-

257 601 347 641 ·tum
363 632 374 648 ,
414 610 492 639 tam
527 598 750 637 vehementi
773 599 1059 637 concertatione
1074 628 1086 647 ,
1109 608 1152 637 ut
1176 600 1225 648 Q.
1254 599 1440 639 Metellus
1462 614 1556 640 con-

262 662 323 702 sul
338 693 348 709 ,
363 661 558 712 lapidibus
579 660 793 709 appetitus,
811 668 1074 708 percuteretur
1094 673 1116 699 a
1137 660 1321 700 seditiosis
1335 692 1346 711 ‚
1368 662 1507 702 deinde
1531 676 1556 702 a

261 724 420 763 tribuno
447 723 486 760 in
520 733 708 760 carcerem
738 721 954 759 duceretur.

319 785 404 825 LX.
439 784 516 823 Sed
546 795 674 832 neque
707 780 839 819 consul
873 794 919 820 eo
942 789 1088 821 terrore
1119 783 1220 822 flecti
1244 784 1400 834 potuit3
1429 797 1554 834 neque

261 846 363 885 tanti
398 845 467 883 viri
504 843 657 883 causam
696 843 861 882 deseruit
898 843 1077 889 senatus,
1112 842 1204 891 quin
1237 843 1338 892 apud
1372 839 1481 882 illum
1512 846 1555 883 in

261 919 414 946 carcere
442 907 650 945 convenire
680 912 850 954 cuperet.
882 902 943 942 Ibi
965 902 1139 951 Flavius,
1171 903 1260 942 sella
1281 904 1479 944 tribunitia
1502 907 1555 946 ad

258 967 363 1004 fores
388 964 602 1013 collocata,
626 967 708 1013 jure
735 962 968 1002 inviolabilis
997 964 1192 1013 potestatis
1220 963 1353 1003 clausit
1380 966 1555 1015 aditum,

255 1042 318 1081 per
341 1040 472 1064 murum
500 1024 631 1062 intrare
654 1024 793 1072 jubens
801 1025 984 1074 senatum,
995 1025 1034 1074 fi
1055 1025 1156 1063 vellet
1168 1040 1185 1072 ;
1209 1032 1289 1063 tam
1306 1027 1551 1074 pertinaciter

261 1085 490 1135 obluc‘tans,
524 1096 567 1124 ut
601 1085 740 1124 eodem
775 1084 861 1122 loco
888 1086 1178 1134 pernoctaturus
1209 1087 1414 1126 videretur.
1445 1087 1551 1127 Tum

257 1163 351 1189 vero
375 1149 579 1199 pompejus
607 1146 753 1196 pudore
781 1145 943 1194 ductus,
971 1147 1005 1184 &
1033 1146 1122 1195 quia
1145 1158 1203 1184 res
1236 1159 1421 1196 perquam
1454 1149 1554 1186 invi-

262 1208 371 1251 diosa
403 1209 517 1248 etiam
541 1209 590 1247 ad
617 1206 805 1257 populum
832 1215 937 1254 erat,
965 1207 1133 1259 discedere
1160 1202 1329 1244 Flaviun'z
1358 1207 1482 1256 juffit,
1513 1209 1557 1247 id

259 1290 285 1313 a
305 1273 346 1324 se
367 1271 498 1324 petiiffe
531 1269 717 1309 Metellum
745 1268 940 1308 mentitus.
980 1267 1055 1307 Sed
1081 1275 1215 1306 notam
1245 1269 1364 1307 animi
1400 1271 1554 1321 magni-

260 1334 438 1373 tudinem
467 1330 650 1371 Metellus
674 1329 875 1377 effecerat‚
911 1341 1000 1367 cum
1025 1341 1114 1367 eum
1139 1328 1276 1380 reliqui
1304 1330 1448 1369 tribuni
1472 1332 1554 1370 exi-

261 1408 368 1436 mere
400 1393 544 1432 vellent
576 1405 597 1431 e
621 1404 794 1440 carcere,
831 1392 869 1430 id
894 1389 1129 1429 beneficium
1161 1390 1384 1431 recusando.
1421 1393 1550 1442 postea

261 1470 440 1509 quoque,
462 1469 553 1494 cum
575 1453 727 1494 Flavius
742 1452 994 1492 denuntiasset
1010 1482 1021 1500 ,
1039 1467 1106 1490 non
1123 1452 1299 1505 paffurum
1315 1484 1327 1500 ,
1354 1468 1392 1493 ut
1413 1455 1450 1492 in
1469 1470 1552 1508 pro-

260 1522 415 1559 vinciam
436 1519 519 1566 iret,
535 1518 603 1569 nist
622 1517 688 1569 legi
712 1515 944 1568 consenfifflt,
968 1528 1199 1566 quamquam
1223 1517 1400 1567 cupidior
1417 1519 1551 1557 trium-

259 1581 333 1634 phi
357 1580 588 1625 haberetur,
611 1591 763 1616 manere
788 1578 917 1629 potius
944 1579 985 1617 in
1006 1578 1122 1628 urbe,
1145 1591 1261 1629 quam
1289 1580 1336 1618 de
1365 1579 1551 1621 sententia

263 1642 480 1689 dimoveri,
506 1640 689 1679 sustinuit.

319 1704 422 1744 LXI.
439 1703 643 1753 Pompejus
662 1702 793 1752 igitur,
817 1704 1038 1754 principum
1058 1703 1201 1742 invidia
1213 1702 1427 1753 potentiam
1445 1702 1551 1743 suam

264 1768 389 1817 urgeri
417 1766 549 1804 videns
564 1797 574 1812 ‚
598 1766 793 1804 interdum
819 1767 1048 1816 poenitentia
1069 1766 1306 1814 ducebatur,
1324 1766 1428 1816 quod
1445 1778 1554 1805 exer-

263 1829 385 1868 citum
415 1826 634 1869 dimilifl'et:
674 1827 889 1877 postremo,
917 1828 1131 1878 quamlibet
1161 1829 1346 1868 rationem
1372 1829 1551 1868 inimicos

262 1890 495 1940 reprimendi
527 1888 724 1927 honestam
748 1889 972 1937 arbitratus,
1000 1889 1113 1940 plane
1146 1890 1304 1928 descivit
1329 1890 1374 1929 ab
1393 1891 1554 1940 optima-

261 1952 389 1999 tibus,
416 1951 527 1989 stulto
559 1949 742 1999 confilio,
770 1950 810 1989 ht
837 1952 1062 2001 dignitatem
1090 1949 1283 2000 tueretur,
1307 1952 1449 1991 stolidis
1470 1962 1549 1991 tur-

265 2012 509 2062 bulentisque
535 2008 839 2050 adolescentulis-
855 2013 1011 2062 indigne
1039 2012 1074 2051 se
1101 2013 1351 2061 submittens,
1378 2027 1459 2064 quae
1483 2027 1551 2065 po.

263 2074 404 2114 tisslma
430 2075 492 2123 ipsi
525 2074 637 2124 seque
666 2077 700 2114 ἃ
729 2075 1009 2125 rempublicam
1044 2076 1229 2125 perdendi
1261 2075 1368 2114 causa
1399 2076 1548 2116 exstitit.

265 2136 525 2176 Commodum
542 2135 609 2174 sub
630 2148 672 2174 ea
690 2146 861 2186 tempora
877 2136 913 2175 P.
927 2135 1085 2175 Clodius
1105 2136 1151 2174 ab
1166 2135 1350 2175 Siciliensi
1366 2136 1548 2185 quaestura

263 2195 455 2244 reversu5‚
489 2207 720 2246 conceptum
754 2210 802 2236 ex
834 2197 981 2246 judicio
1021 2195 1088 2234 suo
1124 2195 1301 2235 adversus
1338 2197 1548 2246 optimates

311 2317 333 2362 §
360 2317 445 2351 LIX.
471 2317 543 2350 Cic.
573 2317 611 2348 de
635 2329 734 2359 prov.
753 2317 845 2350 cons.
866 2328 894 2349 c.
921 2327 979 2359 13,
997 2317 1035 2348 ad
1054 2316 1156 2348 Λαὶς.
1181 2328 1216 2357 1,
1240 2325 1298 2357 17,
1323 2315 1357 2348 δε
1378 2329 1439 2360 pro
1459 2318 1548 2350 dom.

271 2375 301 2396 c.
323 2374 351 2402 5.
374 2363 515 2394 Diodor.
541 2361 562 2404 §
586 2362 1068 2401 Lx.ci.adArt·1c.1‚17
1093 2361 1126 2392 u&
1149 2373 1209 2403 pro
1230 2361 1314 2393 Coel.
1340 2373 1368 2391 c.
1391 2373 1437 2403 :4
1457 2362 1544 2395 Dio-

268 2409 342 2442 dor.
363 2407 451 2441 Plut
468 2407 502 2439 in
526 2406 640 2450 Pomp.
664 2416 692 2440 c.
711 2416 766 2449 75.
786 2406 865 2441 L‘iv
887 2407 978 2450 Epic.
997 2406 1140 2441 sueton
1149 2374 1199 2440 pin
1222 2405 1298 2442 Tib.
1321 2417 1350 2440 c.
1374 2416 1406 2440 2.
