1675 2959
273 98 370 138 '120
443 86 1067 135 JO.FRE1NSHEM11
1109 66 1464 135 SUPPLEM'.

275 194 484 243 sordibus,
521 194 729 243 afferebat3
768 207 845 235 uno
877 201 1040 244 excepto
1073 194 1246 244 Catone,
1280 198 1390 245 cujus
1421 195 1561 240 ἰηνὶἂα

275 256 326 295 ad
345 264 557 294 extremum
577 254 809 302 constantia,
827 266 1061 304 quamquam
1077 256 1220 296 nudata
1240 257 1421 308 praefidiis
1438 258 1564 297 omni-

275 317 371 365 bus,
395 316 608 355 intuenda
633 314 829 365 republica
861 315 1032 365 perstitit.
1069 316 1247 357 Ceterum
1263 348 1274 366 ‚
1301 332 1376 369 quo
1401 320 1566 367 majores

273 381 489 430 acquireret
534 378 630 416 vires
676 377 820 416 tardius
855 378 1119 418 animadversa
1150 379 1399 430 conspiratio,
1441 380 1563 419 dede-

276 451 367 480 runt
393 441 617 491 diligentem
651 450 915 490 operam,·ut
941 450 1116 492 tegerent
1148 456 1233 482 eam
1266 444 1562 484 diffimularent-

274 517 373 554 que:
408 515 539 552 neque
559 515 605 540 eo
638 501 758 541 secius
783 503 1125 543 communicabant
1157 503 1338 552 consilia,
1376 507 1412 545 δι
1443 506 1563 556 quid-

273 567 367 616 quid
392 566 610 604 conducere
638 565 712 605 suis
735 565 946 606 rationibus
969 566 1094 608 visum
1114 576 1217 615 erat,
1241 569 1459 617 'conjunctis
1483 569 1566 619 opi.

271 627 347 669 bus
377 627 694 680 exsequebantur.

328 689 530 731 LXXVII.
569 690 656 738 Jam
683 689 852 740 primum
888 690 929 729 in
961 691 1147 740 petitione
1183 689 1432 740 consulatu8‚
1470 703 1561 731 cum

269 750 432 791 haberet
464 753 740 802 competitores
775 753 872 791 duos
908 751 1053 802 Caesar,
1077 753 1118 793 L.
1144 753 1357 802 Luccejum
1387 753 1564 793 historia-

271 824 359 851 rum
390 811 612 863 scriptorem
629 842 641 860 ,
666 813 702 852 &
729 812 786 854 M.
813 811 1021 860 Bibulun1·‚
1042 826 1110 863 per
1132 813 1283 859 Arrium
1312 825 1400 853 cum
1424 814 1566 854 Lucce-

274 875 314 924 jo
348 873 490 921 coivit,
520 876 681 924 paetus,
712 887 752 912 uc
775 875 832 922 is,
868 875 953 926 quia
968 876 1117 927 gratita,
1137 890 1238 927 quam
1263 875 1402 927 Caefhr,
1424 877 1564 926 minus,

268 937 427 991 pecuniae
460 936 544 988 plu's
576 936 748 985 habebat,
779 951 936 975 nummos
967 938 1006 975 de
1030 937 1125 988 suo,
1154 938 1323 976 communi
1348 939 1485 977 nomine
1505 953 1569 991 per

270 999 444 1042 centurias
472 999 728 1050 pronuntiaret.
759 997 901 1037 Contra
921 999 1148 1048 optimates,
1171 998 1268 1038 nihil
1290 1012 1370 1038 non
1403 1001 1442 1037 in
1471 1012 1565 1039 con,

269 1059 397 1103 sulatu
421 1060 575 1100 Caesaris
600 1060 802 1108 timentes,
827 1061 851 1099 fi
881 1061 1115 1101 concordem
1142 1061 1332 1111 collegam
1357 1063 1490 1101 nactus
1515 1061 1568 1100 es-

276 1122 358 1170 set,
399 1125 571 1182 auctores
606 1121 743 1162 Bibulo
781 1122 937 1161 fuerunt
973 1123 1205 1162 tantundem
1242 1122 1485 1173 pollicendi:
1522 1135 1568 1163 ac

277 1182 453 1234 plerique
479 1184 725 1224 contulerunt
749 1185 955 1235 pecunias,
980 1198 1028 1225 ne
1057 1185 1205 1225 Catone
1229 1185 1384 1235 quidem
1408 1185 1571 1227 infitian-

277 1254 340 1295 τε,
365 1248 427 1299 effi
449 1263 466 1285 e
487 1249 686 1303 republicq,
710 1249 928 1301 largitionem
949 1263 1024 1287 eam
1035 1249 1125 1299 fieri.
1155 1247 1237 1286 haec
1253 1257 1335 1292 tum
1350 1258 1456 1288 erant
1472 1259 1569 1289 tem-

276 1320 383 1358 pora.
416 1307 536 1349 Caesar
563 1320 651 1349 cum
680 1308 818 1349 Bibulo
849 1309 1074 1359 defiguntur.
1116 1308 1239 1359 Igitur
1265 1311 1471 1358 optimates
1500 1310 1565 1349 de-

273 1370 415 1408 derunt
445 1383 630 1420 operam‚
667 1380 713 1411 ut⁴
740 1373 948 1421 provinciae'
983 1371 1119 1410 futuris
1155 1370 1376 1413 consulibus
1415 1371 1565 1414 minimi

275 1432 451 1481 negotii,
477 1433 517 1471 id
543 1433 617 1480 est,
649 1432 747 1473 filvae
771 1433 962 1485 callesque
989 1435 1294 1474 decernerentur.

329 1492 548 1537 LXXVHI.
579 1495 738 1535 Interim
761 1495 802 1535 C.
820 1496 1006 1537 Octavius
1031 1509 1077 1535 ex
1102 1506 1263 1546 praetura
1281 1525 1291 1541 ‚
1313 1494 1459 1537 summa
1475 1509 1566 1537 cum

273 1552 390 1592 laude
412 1554 534 1604 gesta,
558 1556 833 1596 Macedoniam
861 1557 1191 1610 sortitusstquod
1216 1557 1256 1596 C.
1272 1558 1438 1597 Antonio
1465 1557 1566 1597 male

268 1615 511 1666 provinciam
540 1618 816 1658 administranti
843 1619 1093 1664 successorem
1121 1620 1219 1663 mitti
1247 1619 1469 1670 placuerat)
1496 1634 1563 1677 ne-

268 1677 378 1726 gotio
408 1677 472 1717 fibi
494 1677 541 1717 ab
558 1678 689 1718 senatu
715 1690 820 1722 extra
845 1683 1019 1721 ordinem
1044 1684 1160 1730 dato,
1185 1695 1316 1732 agrum
1340 1682 1561 1725 Thurinum

270 1741 476 1789 purgavit,
500 1742 578 1789 jam
610 1741 705 1780 olim
739 1744 923 1783 infamem
956 1744 1189 1792 latrociniis,
1220 1743 1482 1794 refiduamque
1510 1759 1560 1787 ex

272 1800 441 1849 Spartaci
462 1802 496 1840 ἃ
513 1800 687 1841 Catilinae
709 1804 832 1853 copiis
855 1804 1109 1855 fugitivorum
1130 1816 1286 1844 manum
1311 1803 1464 1844 delevit.
1494 1806 1562 1847 Se·

273 1862 402 1911 quitur
434 1875 513 1901 non
537 1864 617 1912 jam
648 1865 867 1905 consulatus
903 1867 943 1906 C.
969 1867 1144 1913 Caesarss,
1179 1866 1243 1906 sed
1270 1879 1431 1916 regnum
1448 1899 1458 1916 ‚
1479 1881 1557 1918 quo

269 1933 446 1975 tempore
471 1925 661 1976 collegam
688 1927 883 1978 potestatis
913 1929 966 1969 M.
995 1929 1245 1980 Calpurnium
1278 1927 1463 1969 Bibulum
1494 1943 1561 1972 no-

272 1988 403 2032 rnine,
428 2001 467 2025 re
500 1990 535 2028 G:
564 2003 679 2040 opere
707 1991 777 2031 Cn.
805 1992 1017 2043 Magnum,
1045 1993 1100 2033 M.
1131 1993 1301 2034 crassum
1326 1994 1470 2034 habuit.
1502 1994 1567 2033 Id-

271 2049 373 2088 circo
400 2049 505 2090 nullo
529 2053 606 2100 jam
633 2057 768 2094 veteris
791 2058 826 2094 ἃ
844 2056 954 2105 probi
979 2057 1092 2096 moris
1120 2056 1288 2107 respectu
1304 2088 1314 2105 ‚
1331 2066 1478 2096 tantum
1493 2070 1536 2096 ea
1552 2088 1566 2105 ,

269 2124 352 2161 quae
384 2115 430 2150 ad
464 2113 684 2154 fundandas
720 2118 995 2165 conjurationis
1028 2132 1118 2169 opes
1148 2120 1419 2170 pertinebant,
1449 2121 1562 2169 inge-

270 2171 335 2212 nio
369 2172 546 2220 Caesaris‚
575 2177 799 2216 auctoritate
832 2179 1032 2229 Pompeji‚
1060 2181 1203 2218 divitiis
1233 2179 1347 2222 Crnffi
1387 2180 1563 2230 perficie-

273 2231 444 2276 bantur:
475 2248 598 2286 neque
624 2237 804 2279 Romanis
830 2239 946 2279 fiebat
971 2242 1110 2291 injuria
1138 2241 1355 2281 libertatem
1385 2242 1566 2283 amitten.

276 2353 359 2433 νς
403 2353 557 2393 LXXVI.
592 2355 733 2391 Sueten,
767 2357 799 2390 in
830 2358 917 2405 Aug.
952 2370 981 2392 c.
1018 2370 1072 2404 3¹-
1107 2360 1179 2395 Cic.
1211 2361 1251 2396 ad
1281 2360 1327 2406 Q,
1347 2360 1482 2397 fratrem
1505 2372 1516 2394 ι
1540 2387 1552 2409 ‚
