1675 2959
245 123 327 170 IN
370 121 541 168 LOC.
586 120 721 166 LIB.
769 119 875 166 CXI
925 120 1070 167 LIV.
1249 138 1340 185 377

64 228 348 280 superinlitum
374 229 546 267 ardorem
567 258 579 277 ,
609 227 657 266 ad
684 224 963 265 intendendum
992 225 1239 275 praesentibus
1261 225 1342 266 ani-

65 304 176 330 mum
202 290 397 330 necessitas
418 289 631 340 instigabat.
657 289 791 338 Itaque
815 286 1012 326 confilium
1036 288 1262 326 mutandum
1286 289 1344 326 vi-

69 351 185 397 dens,
209 350 294 389 suos
320 350 458 388 idonea
485 349 657 388 oratione
679 348 919 388 consolatur:
946 346 1095 388 cladem
1118 349 1158 386 in
1179 349 1346 400 paucita-

65 422 131 448 tem
159 411 330 459 militum,
355 412 574 462 iniquitatem
601 410 697 458 loci,
728 423 867 450 errorem
892 408 1244 461 perturbationemque
1261 409 1348 460 suo-

63 485 138 508 rum
149 499 160 518 ,
175 473 320 524 denique
341 471 539 524 infortunae
561 472 823 523 inconstantiam
847 470 1048 509 conferens
1059 500 1070 518 ‚
1084 470 1252 515 aliorum,
1269 482 1345 520 quae

67 533 178 570 multa
203 534 261 584 fo
263 535 347 572 liter
377 533 592 585 feliciterque
619 546 735 570 recens
754 532 931 584 fhcffent,
967 532 1163 570 admonet.
1195 530 1345 578 virtute,

0 621 1 628 κ
64 595 119 632 uti
139 594 262 643 alias,
297 596 332 634 δ’
353 596 403 633 ad
429 594 638 646 Gergoviam
666 593 742 645 effet
766 593 924 646 saelum,
952 595 1078 647 sarczri
1099 593 1347 662 incommodum

61 655 176 708 poffi,
191 655 225 692 δ’
243 667 414 707 oportere,
438 657 531 707 quod
541 655 688 707 fhrtuna
710 655 886 707 intuliffit.

132 716 210 757 LII.
239 715 338 756 Cum
372 715 454 755 haec
492 717 664 765 dixisset,
702 718 911 768 ignominia
944 717 1092 757 notavit
1125 715 1353 767 figniferos‚'

67 791 230 827 quorum
255 778 449 817 eminebat
475 777 609 828 culpa,
634 777 799 828 locoque
836 778 978 818 movit:
1008 778 1081 817 suae
1114 778 1241 826 potius
1269 776 1346 816 cle-

65 840 240 888 mentiae,
258 853 372 890 quam
396 839 587 893 voluntati
612 839 808 890 legionum
829 839 1041 880 obsecutus.
1072 839 1345 888 Tantusenim

65 905 194 954 pudor
221 913 417 943 veteranos
447 904 528 953 ejus
549 903 780 950 intraverat,
808 911 850 941 ut
875 903 973 942 ultro
998 903 1035 941 se
1059 901 1240 941 offerrent
1260 914 1347 951 poe-

67 978 148 1013 nae,
174 966 290 1003 decim
283 978 412 1015 mque
441 974 637 1015 peterent:
668 966 806 1004 deinde
831 964 905 1003 leni
934 965 1110 1015 responso
1138 964 1347 1014 imperato-

64 1029 117 1066 ris
144 1029 205 1066 vix
226 1027 381 1067 adducti
409 1028 458 1067 ad
478 1027 751 1077 ignoscendum
777 1028 867 1076 fibi
894 1028 1177 1095 perseverarunt
1195 1027 1301 1078 adsit
1325 1051 1344 1060 -

63 1089 209 1141 plicium
233 1087 420 1138 postulare
435 1088 646 1141 signiferos,
670 1089 729 1140 qui
751 1089 845 1139 caus
845 1102 890 1125 zm
914 1089 1117 1140 initiumque
1135 1086 1282 1139 flagitio
1311 1084 1346 1122 εἰ

68 1148 247 1200 dediffent
269 1149 432 1198 Jamque
453 1149 570 1188 etiam
591 1148 638 1188 ab
661 1148 793 1188 dolore
811 1162 980 1199 pugnam
995 1148 1218 1199 poscentes,
1237 1145 1347 1197 quos-

69 1210 159 1248 dam
186 1209 385 1260 superioris
405 1210 550 1249 ordinis
568 1211 799 1259 movebant,
817 1220 861 1250 ut
883 1214 1108 1257 manendum,
1126 1210 1160 1248 ὃ·
1183 1211 1257 1249 acie
1279 1223 1347 1247 cer.

67 1274 213 1310 tandum
234 1280 422 1321 putarent.
445 1272 520 1312 Sed
536 1271 657 1311 Caesar
676 1285 800 1323 neque
815 1272 998 1312 militibus
1013 1273 1217 1323 perterritis
1238 1284 1345 1310 com-

67 1333 301 1372 mittendum
327 1342 456 1380 ratus,
486 1346 635 1383 neque,
657 1334 782 1378 donec
814 1333 871 1373 illi
899 1335 1111 1385 reciperent
1144 1333 1344 1380 animum,

66 1395 196 1444 inopia
226 1394 409 1432 frumenti
433 1394 547 1432 dante
573 1394 760 1444 spatium,
786 1395 981 1435 discedere
1011 1394 1098 1434 loco
1122 1395 1274 1441 statuit,
1306 1394 1345 1433 δε

65 1457 106 1495 in
134 1455 363 1496 Theffaliam
391 1455 605 1506 proficisci;
638 1458 704 1495 ubi
733 1458 1040 1497 commodiorem
1077 1456 1180 1496 bello
1215 1455 1347 1505 spera-

67 1519 134 1558 bat
156 1519 354 1569 regionem
380 1518 483 1566 fore,
513 1519 697 1569 expeditis
724 1518 1005 1558 commeatibus
1032 1531 1097 1569 per
1124 1517 1343 1567 Longinum

68 1580 105 1618 ἃ
121 1578 341 1625 Calvisium,
362 1579 425 1628 qui
448 1578 633 1618 nonnulla
659 1580 702 1618 iis
725 1578 822 1618 locis
846 1580 989 1630 oppida
1013 1586 1255 1628 receperant,
1279 1576 1348 1615 ad-

68 1643 226 1691 juvante
255 1641 510 1685 exfflheffalis
538 1642 705 1691 Petrejo,
732 1643 887 1682 summae
915 1641 1126 1681 nobilitatis
1151 1643 1303 1690 juvene.

124 1702 221 1743 LIII.
248 1703 368 1751 Cum,
392 1702 576 1754 praemiffa
596 1714 698 1742 trans
715 1704 906 1745 Genusum
923 1716 1075 1742 amnem
1096 1703 1241 1751 majore
1262 1714 1346 1751 par-

68 1773 107 1803 te
133 1765 352 1815 copiarum,
366 1765 487 1804 Caesar
501 1765 712 1806 conclamari
734 1767 823 1818 vafh
838 1764 1016 1814 jussiffet,
1041 1777 1116 1814 quo
1140 1762 1249 1808 simul
1271 1764 1344 1800 uti-

68 1826 190 1874 lititi,
216 1825 323 1864 simul
348 1826 459 1866 famae
483 1825 763 1874 consuleretur3
788 1826 891 1876 apud
908 1827 1132 1892 Pompejum
1152 1822 1346 1863 sententiis

68 1886 642 1935 variabatu1uMulti,au6tore
669 1886 850 1933 Afranio,
880 1886 1026 1924 Italiam
1047 1886 1142 1939 peti,
1167 1884 1257 1931 alii,
1275 1884 1346 1922 bel-

68 1949 139 1986 lum
167 1949 283 1995 trahi,
305 1947 497 1987 volebant.
539 1947 722 1997 Pompejo
754 1956 933 1986 neutrum
963 1947 1050 1986 satis
1085 1945 1343 1997 probabatur:

3 2057 6 2058 ⁷
64 2023 129 2062 pro
152 2009 263 2046 Italia
287 2008 409 2046 bellum
421 2009 460 2060 se
478 2022 586 2060 gerere
600 2038 612 2055 ‚
637 2006 813 2055 dicebat3
841 2022 902 2045 nec
922 2006 1173 2060 opprqfficrum,
1189 2020 1263 2058 quae
1283 2007 1344 2043 de-

12 2090 13 2093 *
58 2070 168 2122 ftnfiz
190 2072 225 2109 δ’
244 2070 388 2121 servata
410 2071 527 2122 cupiat
537 2085 555 2119 ,·
574 2084 678 2122 neque
699 2071 852 2108 dandum
878 2071 963 2121 hosti
985 2069 1158 2121 perterrito
1171 2067 1341 2120 spatium.

70 2131 169 2182 Ergo
203 2132 445 2170 recedentem
471 2132 520 2170 ad
552 2132 676 2182 priora
705 2131 820 2170 castra
845 2130 1052 2178 Caesarem,
1082 2142 1164 2179 quae
1192 2129 1343 2171 fuerant

43 2223 46 2226 Δ
67 2200 202 2231 contra
223 2191 465 2242 Asparagium
486 2190 623 2242 posita,
644 2190 880 2241 viciffimque
900 2190 990 2229 inde
1004 2198 1243 2237 moventem,
1256 2190 1343 2227 stre-

67 2264 144 2295 nue
167 2251 380 2301 insecutus;
402 2252 600 2303 postquam
624 2252 783 2303 adipisci
804 2252 909 2303 posse
932 2252 1164 2303 desperavit,
1189 2251 1239 2290 ad
1259 2250 1341 2292 Sci-

69 2369 790 2460 vefle?1.2Pli51;.ioCaessAppian.Caes.
826 2373 849 2416 §
881 2373 952 2407 L11.
974 2372 1119 2418 Appian.
1144 2370 1229 2406 Caes.
1257 2370 1340 2406 Dio.
