1675 2959
249 59 345 107 ’282
411 62 513 110 JO.
548 64 1063 116 FREINSHEMII
1098 68 1452 119 SUPPLEMs

249 163 392 208 Romae'
408 170 502 211 civis
523 171 720 213 Romanus
749 174 877 214 nullus
901 175 1162 219 afficiebatur:
1191 177 1372 229 jussitque
1399 176 1527 231 Caesar'z‘

247 227 379 268 ,vibices
404 233 582 284 ostendere.
1427 248 1442 260 ⁶

302 291 480 333 XXXII.
515 294 609 334 Haec
633 297 760 346 agenti
789 297 980 338 Marcello
995 329 1006 347 ‚
1043 299 1190 340 summa
1214 306 1288 352 ope
1313 300 1435 341 Caesar
1459 313 1530 350 per

248 351 426 392 addictos
461 354 528 394 fibi
558 355 730 397 tribunos
761 358 885 409 plebis
916 362 952 400 &
989 361 1066 400 Ser.
1095 363 1305 413 Sulpicium
1339 362 1529 413 collegam

244 411 428 454 Marcelli
448 416 646 458 refistebat.
677 433 800 471 neque
823 422 1006 473 plerisque
1028 431 1243 465 ceterorum
1272 426 1529 477 probabatur,

247 473 388 524 alicui,
409 477 626 529 priusquam
655 488 808 533 tempus
838 483 921 535 lege
949 485 1083 524 datum
1112 486 1270 534 exisset,
1291 488 1530 539 provinciam

248 535 403 575 auferri.
430 538 505 577 Sed
523 541 560 579 Sc
576 541 656 591 ipse
670 543 896 595 PompeJus,
922 547 1007 596 qui,
1034 537 1209 587 simulato
1232 549 1281 588 ad
1303 548 1531 600 Hispanien-

245 594 305 637 ses
327 599 513 639 exercitus
538 602 697 653 itinere,
720 613 851 646 tamen
877 609 917 646 in
940 608 1049 649 Italia
1077 608 1311 657 substiterat,
1329 612 1368 649 in
1395 611 1530 649 eadem

244 656 436 700 sententia
459 661 543 703 fuit.
576 665 686 705 Clam
715 674 844 708 tamen
868 669 1038 708 intendit
1061 670 1258 719 animum,
1290 679 1334 710 ut
1361 683 1532 710 exarma-

243 732 307 761 ret
333 723 536 776 Caesaoem,
555 731 591 768 ἃ
616 730 738 770 statim
753 761 764 780 ,
790 741 905 782 atque
925 731 1092 783 elapsum
1118 734 1271 784 imperii
1295 743 1446 785 tempus
1469 734 1530 773 fo-

247 792 329 834 ret,
352 787 541 837 privatum
563 793 603 831 in
630 792 764 838 urbem
794 794 917 833 redire
942 803 1107 845 cogeret.
1132 796 1223 836 Hoc
1242 803 1285 835 ut
1308 795 1454 835 facilius
1477 793 1532 833 as-

245 842 491 899 sequeretur,
533 851 576 892 C.
600 852 830 893 Marcellum
860 854 1016 894 fratrem
1046 854 1257 905 patruelem
1286 856 1431 904 Marci,
1465 854 1532 905 qui

246 903 483 949 fimultatem
517 912 671 961 gerebat
700 926 790 954 cum
823 915 988 965 Caesare,
1019 916 1215 956 consulem
1247 917 1365 957 fecit:
1391 917 1533 965 Cajum

249 965 485 1020 Curionem,
516 974 557 1011 in
583 973 716 1014 locum
743 976 886 1023 Servii,
916 976 980 1027 qui
1009 977 1210 1017 damnatus
1241 978 1322 1027 post
1354 971 1542 1028 designa-⁰

245 1028 396 1070 tionem
420 1032 562 1083 fuerat,
582 1043 803 1086 petentem,
827 1046 868 1077 ut
888 1038 1063 1078 tribunus
1087 1039 1210 1090 plebis
1235 1047 1440 1087 crearetur,
1467 1038 1534 1077 ad-

248 1090 361 1140 juvit.

317 1154 511 1196 XXXIII.
548 1157 759 1199 Plurimum
794 1161 899 1201 enim
937 1162 1097 1213 praesidii
1125 1161 1166 1200 in
1197 1174 1244 1201 eo
1277 1160 1473 1212 ponebat,
1504 1160 1534 1200 fi

250 1211 474 1254 adolescens
500 1217 664 1267 nobilis,
695 1219 881 1270 disertus,
905 1223 1049 1271 audax,
1073 1222 1352 1261 inimiciffimus
1376 1220 1533 1270 Caesari,

249 1273 450 1316 tribunitia
476 1280 663 1329 potestate
695 1291 914 1322 armaretur.
956 1283 1059 1323 Inter
1086 1283 1168 1322 haec
1203 1282 1336 1322 crebro
1370 1281 1535 1322 relatum

251 1335 303 1379 de
319 1335 450 1378 Galliis
464 1369 475 1387 ‚
491 1342 526 1380 ὃς
541 1345 704 1392 graviter
721 1346 847 1384 ac‘tum
870 1345 1004 1385 fuerat.
1022 1347 1062 1385 A.
1084 1345 1121 1384 d.
1140 1344 1222 1386 Kal.
1242 1343 1422 1392 Sextiles,
1442 1356 1534 1383 eum

249 1398 402 1441 senatus
433 1403 482 1442 ad
513 1405 699 1456 Apollinis
731 1407 955 1457 haberetur,
988 1407 1156 1458 essetque
1183 1408 1335 1446 mentio.
1352 1406 1452 1446 fasta
1483 1406 1533 1445 de

250 1458 427 1512 legione,
455 1479 568 1516 quam
601 1469 734 1509 Caesari
760 1471 965 1521 Pompejus
990 1471 1197 1522 expensam
1220 1469 1393 1516 ferebat3
1420 1470 1534 1507 item-

253 1534 329 1573 que
360 1525 408 1566 de
431 1526 662 1570 succeffione
690 1531 732 1573 C.
763 1532 945 1573 Caesaris:
975 1533 1181 1582 Pompejus
1216 1530 1435 1581 respondit,
1470 1530 1534 1568 ab·

253 1585 430 1625 duelurum
449 1590 523 1642 fifi'
552 1591 717 1643 legionem
745 1609 850 1632 eam:
880 1595 927 1641 de
956 1594 1161 1644 provinciis
1188 1592 1349 1654 leCUitp
1371 1604 1409 1630 Ψ
1433 1605 1534 1644 quam

249 1646 399 1698 primum
420 1651 471 1687 ad
489 1651 600 1689 urbem
615 1654 803 1708 Pompejus
825 1655 1320 1708 reverteretur‚(Ariminun1
1342 1652 1532 1703 profeftu.

254 1720 319 1748 rus
345 1711 394 1750 ad
427 1716 636 1755 exercitum
665 1718 772 1771 erat)
805 1733 906 1771 eoque
929 1719 1091 1771 praesente
1113 1719 1154 1755 de
1168 1716 1370 1769 ficcceffione
1393 1717 1536 1769 provin-2

255 1770 388 1810 ciarum
401 1788 565 1827 ageretur.
586 1776 792 1817 Intervenit
816 1778 957 1818 deinde
975 1777 1164 1827 judicium
1186 1778 1228 1817 C.
1242 1777 1420 1818 Marcelli
1441 1790 1542 1832 con-

256 1832 348 1874 sulis
379 1837 587 1888 defignati,
617 1854 730 1891 quem
763 1841 818 1882 M.
845 1841 1013 1882 Calidius
1043 1840 1316 1892 postulaverat,
1349 1841 1535 1892 competi·

256 1904 322 1998 ἱοῑ·
346 1901 450 1947 ejus,
474 1901 537 1941 sed
562 1903 750 1954 repulsam
774 1903 920 1955 passus,
945 1905 979 1944 &
999 1903 1154 1955 insuper
1176 1902 1371 1945 accusatus
1394 1916 1414 1942 a
1440 1903 1536 1949 duo-

289 1971 331 1997 us
364 1960 494 2001 Gallis.

312 2021 501 2064 XXXIV.
531 2026 705 2068 Tandem
732 2028 954 2069 assentiente
979 2028 1182 2079 Pompejo‚
1213 2039 1247 2067 a.
1274 2027 1310 2067 d.
1331 2026 1429 2076 prid·
1447 2023 1532 2065 Kal-

258 2083 448 2124 octobres
482 2086 802 2130 senatusconsulta
833 2091 918 2131 sunt
949 2092 987 2130 in
1030 2091 1110 2130 haec
1144 2089 1258 2128 verba
1292 2087 1530 2138 perscripta:

260 2147 372 2197 Quod
395 2150 452 2186 M.
480 2138 674 2190 Marcellus
707 2154 828 2206 consul
849 2153 950 2193 verba
969 2151 1059 2205 fecit
1087 2153 1127 2190 de
1145 2150 1340 2204 provinciis
1365 2148 1535 2199 confida-

311 2277 332 2319 §
347 2276 471 2310 XXXI.
491 2276 635 2321 Appian.
651 2277 745 2310 civil.
756 2278 779 2326 l.
798 2287 829 2310 2.
845 2278 952 2310 Strab.
971 2278 994 2308 l.
1008 2287 1039 2325 4.
1055 2270 1538 2334 P11113Dio.Hirt3ssxJ<J<J<1L

265 2321 409 2355 Sueton.
428 2323 568 2354 Diodor.
581 2321 651 2353 Cic.
667 2322 817 2353 familiar.
833 2323 862 2363 8,
878 2335 907 2364 4.
921 2322 1043 2364 Vellei„
1059 2332 1073 2352 2
1087 2347 1095 2362 ‚
1107 2325 1161 2360 42⁹.
1177 2320 1321 2363 Appiam.
1339 2324 1359 2361 5
1377 2315 1534 2354 remim..

271 2366 345 2400 cic.
365 2367 517 2401 familiar.
534 2368 573 2407 8,
586 2378 606 2407 4
626 2365 659 2398 ἃ
681 2368 711 2399 θ’.
734 2366 815 2399 Dio.
