1675 2959
102 88 185 135 ro.
207 79 425 131 mizius
445 59 641 126 suppr„⁰
658 74 722 121 1N
739 71 881 119 roe.
899 71 949 116 L.
968 68 1126 115 cvm.
1141 69 1252 115 mv.
1286 76 1383 129 ηε

104 200 201 232 tates
223 220 233 238 ‚
260 202 341 240 quae
372 183 634 233 Camulogeno
661 178 823 220 Aulerco
850 177 948 216 duce
977 186 1134 225 magnas
1164 174 1294 223 copias
1318 186 1386 223 pa-

102 260 298 298 raverant,
324 245 371 288 ab
397 247 474 287 alio
504 246 621 285 latere
647 241 864 288 Bellovaci,
901 250 1063 290 quorum
1087 236 1277 287 praecipua
1305 243 1387 274 erat

102 316 202 354 inter
229 311 357 353 Gallos
384 309 532 349 virtutis
562 307 725 357 opinio,
749 311 909 354 repente
940 300 1188 339 desciverunt.
1231 297 1385 336 Idcirco

102 376 323 421 Labienus,
349 370 484 411 omisso
519 368 670 419 longius
696 364 969 417 progrediendi
995 360 1152 400 confilio
1169 389 1180 408 ‚
1201 358 1390 409 quemad-

103 438 267 477 modum
293 435 423 484 copias
450 431 665 471 incolumes
689 427 930 478 Ageudicum
955 424 1178 468 reduceret,
1204 421 1386 472 agitabat.

103 499 181 540 Sed
205 498 294 536 huic
320 495 513 547 proposito
542 494 620 532 duo
653 490 820 529 maxime
847 486 1074 534 obstabant,
1104 486 1276 534 Sequana
1306 495 1387 522 ma-

103 574 220 611 gnum
245 560 413 604 fiumen,
431 559 467 596 δε
480 586 491 603 ,
511 556 681 604 quicum
701 550 965 600 Camulogeno
989 557 1089 595 erat,
1103 546 1267 585 hostium
1284 556 1389 585 exer.

102 623 214 662 citus.
261 620 492 661 Audendum
530 624 609 655 erat
642 624 791 660 tamen,
818 612 922 663 quod
959 611 1049 650 effet
1076 609 1159 660 spes
1190 609 1315 647 omnis
1343 609 1388 646 in

104 684 301 723 celeritate
321 681 464 732 posita:
491 681 526 719 Sc
541 678 567 717 fi
590 679 852 722 cunctaretur,
868 674 996 725 plures
1019 671 1288 720 difficultates,
1308 683 1390 709 ma.

101 748 260 798 joraque
286 742 454 795 pericula
479 741 646 781 affutura
670 738 890 790 apparebat.
1309 781 1311 783 ι

146 806 214 847 ‘IL
235 803 480 847 Transdustis
504 804 619 841 nocie
643 798 788 850 copiis,
809 810 898 837 curn
925 796 1049 836 hostes
1079 793 1310 847 prohibituri
1332 791 1392 833 see·

103 869 181 908 rius
203 866 464 913 advenissent,
484 864 597 915 signis
618 862 768 902 collatis
792 862 1020 900 dimicatum
1041 859 1103 897 est.
1127 859 1292 898 Romani
1309 870 1391 897 ma.

104 944 179 981 gna
217 929 321 968 caede
360 916 551 973 hostium,
592 927 689 964 duce
725 924 843 962 etiam
882 920 1055 972 oppreffo
1095 918 1390 969 Camulogeno,

103 994 205 1032 ferro
230 998 459 1041 aperuerunt
488 989 570 1027 iter.
607 985 875 1038 profectusque
902 983 1141 1034 Agendicum
1173 981 1387 1030 Labienus,

104 1053 198 1092 inde
226 1065 314 1091 cum
342 1050 521 1089 omnibus
558 1049 680 1100 copiis
709 1049 757 1087 ad
798 1046 983 1087 Caesarem
1020 1045 1203 1096 pervenit.
1239 1044 1388 1084 Interea

101 1126 263 1156 vocatus
296 1114 344 1153 ab
375 1113 507 1154 ffiduis
532 1110 818 1162 Vercingetorix
854 1110 902 1149 ad
937 1107 1260 1148 communicanda
1296 1118 1390 1145 con-

103 1178 185 1218 filia
212 1184 386 1225 venerat,
411 1178 446 1215 δε
472 1175 559 1225 quia
586 1175 634 1213 de
657 1174 805 1213 summa
835 1171 983 1222 imperii
1021 1168 1274 1209 controversia
1307 1175 1390 1207 erat

104 1243 154 1283 ab
178 1242 310 1284 AEduis
338 1250 466 1287 mota,
491 1240 608 1279 totius
634 1237 764 1279 Galliae
785 1236 992 1276 concilium
1007 1235 1181 1275 Bibracte
1202 1233 1390 1273 indicium

106 1305 169 1345 est.
209 1304 265 1344 lbi
293 1302 476 1342 consensu
504 1301 678 1340 omnium
695 1298 981 1349 Vercingetorix
1006 1296 1215 1346 imperator
1245 1293 1391 1332 consti·

104 1375 234 1414 tutus,
263 1366 434 1416 equitum
463 1365 580 1403 millia
605 1363 828 1414 quindecim
859 1358 1082 1407 contrahit,
1109 1366 1152 1397 ut
1177 1357 1391 1397 frumenta-

106 1429 276 1469 tionibus
303 1426 699 1478 pabulationibusque
727 1425 924 1464 Romanos
950 1429 1106 1462 arceret.

164 1492 227 1532 ΠΙ.
254 1491 299 1530 In
323 1490 548 1541 Allobroges
565 1520 575 1538 ,
600 1490 772 1537 itemque
794 1486 910 1526 altera
935 1497 981 1523 ex
1005 1494 1114 1535 parte
1141 1484 1181 1523 in
1201 1481 1387 1531 Helvios,

107 1553 277 1604 aliosque
298 1552 451 1592 Caesaris
472 1553 621 1600 socios,
646 1553 777 1601 copias
808 1547 948 1596 mittit,
971 1560 1054 1598 quae
1081 1546 1139 1585 his
1164 1545 1307 1584 bellum
1331 1545 1390 1583 in-

102 1615 236 1654 ferant.
265 1613 407 1661 Caesar,
427 1613 638 1653 interclusis
654 1611 834 1651 omnibus
857 1611 895 1649 in
911 1610 1152 1651 Provinciam
1175 1609 1210 1647 &c
1234 1606 1385 1647 Italiam

106 1676 326 1724 itineribus,
357 1675 533 1715 adversus
567 1672 760 1715 Gallicum
788 1673 1024 1723 equitatum,
1055 1669 1198 1710 auxilia
1228 1669 1391 1709 Germa-

104 1751 244 1778 norum
275 1746 378 1776 trans
406 1738 583 1778 Rhenum
618 1735 832 1775 colentium
866 1743 1024 1783 evocat,
1062 1733 1110 1773 ab
1141 1732 1184 1772 iis
1220 1732 1391 1772 civitati-

107 1800 202 1847 bus,
230 1813 322 1850 quas
346 1799 541 1850 superiore
564 1812 664 1838 anno
690 1807 901 1849 pacaverat.
941 1798 994 1838 Hi
1024 1796 1090 1836 ubi
1111 1809 1199 1835 cum
1231 1794 1391 1834 delectis

105 1862 302 1913 peditibus
329 1874 404 1900 una
437 1860 606 1911 proeliari
634 1859 754 1900 solitis
782 1859 998 1907 affuerunt,
1034 1858 1139 1909 quod
1171 1869 1289 1907 equos
1320 1869 1393 1906 pa-

105 1936 192 1962 rum
221 1923 382 1962 idoneos
416 1923 635 1962 habebant:
666 1922 785 1962 Caesar
808 1922 852 1960 iis
883 1921 1026 1960 sumtos
1053 1934 1074 1959 a
1099 1919 1259 1959 tribunis
1292 1917 1390 1957 mili-

108 1992 188 2024 tum
215 1984 480 2036 equitibusque
503 1985 688 2025 Romanis
713 1984 910 2024 distribuit.
943 1986 978 2024 δε
1007 1997 1081 2034 quo
1105 1981 1307 2033 provinciae
1334 1980 1392 2020 sa-

109 2046 220 2086 cilius
255 2059 370 2097 opem
399 2047 497 2086 ferre
527 2047 668 2097 posset,
699 2047 738 2085 in
772 2047 967 2096 Sequanos
992 2059 1060 2096 per
1083 2053 1272 2083 extremos
1298 2043 1390 2082 Lin-

109 2121 255 2158 gonum
279 2108 372 2148 fines
398 2108 660 2159 proficiscitur.
700 2110 794 2149 Haec
823 2110 951 2159 agenti
974 2106 1190 2157 supervenit
1216 2117 1304 2143 cum
1327 2106 1390 2144 in-

107 2170 283 2220 gentibus
317 2172 439 2221 copiis
464 2172 776 2222 Vercingetorix3
806 2173 842 2211 Sc
873 2184 962 2211 cum
993 2170 1114 2209 tribus
1145 2168 1239 2207 locis
1273 2179 1388 2216 eque-

107 2230 171 2269 stri
202 2231 339 2280 prcelio
367 2232 594 2272 dimicatum
623 2233 688 2272 diu
713 2231 866 2280 fuiffet,
891 2233 1049 2271 tandem
1073 2232 1211 2269 virtute
1237 2228 1392 2267 Germa.

157 2353 179 2396 §
206 2352 233 2403 15
257 2354 398 2403 Diodor.
421 2355 445 2386 1.
462 2365 517 2392 40.
541 2353 643 2389 Oros.
663 2353 700 2397 6,
724 2365 773 2388 ιι.
798 2352 884 2388 Caes,
910 2353 991 2397 511.
1007 2350 1108 2386 Oros.
1133 2350 1274 2384 Diodor.
1299 2346 1387 2384 Caes.

107 2396 197 2431 Piut.
222 2410 256 2431 m
291 2397 374 2431 caer.
397 2409 426 2431 c.
451 2407 490 2441 9.
