1675 2959
268 77 362 126 :530
427 77 517 124 JO.
552 77 1055 126 FREINSHEMII
1089 74 1448 127 SUP-PLEM.

268 184 376 225 velut
408 184 592 224 miraculo
632 184 865 223 exanimavit
903 179 1070 234 hostes,
1090 187 1405 238 deditionemque
1440 186 1548 227 omni

269 251 345 299 ope
373 250 557 288 destitutis
584 247 782 286 neceffitas
802 248 971 286 extorsit.

324 311 469 350 XXVI.
490 309 610 349 Caesar
630 308 830 356 omnibus,
847 310 910 359 qui
934 322 1038 349 arma
1060 311 1244 362 tulerant,
1261 313 1448 364 amputari
1471 325 1557 352 maa

269 383 341 410 nus
365 371 490 419 jussit,
517 371 634 408 vitam
661 368 849 418 relinqui3
871 383 919 408 ne
948 383 1104 420 poenam
1125 385 1257 413 eorum
1273 387 1320 413 ex
1344 373 1548 424 conspeetu

212 472 214 475 ,
268 433 501 483 reliquorum
528 440 734 470 amoveret.
771 433 855 472 Nec
881 434 985 472 enim
1013 434 1264 484 crudelitate,
1290 450 1310 475 a
1335 450 1407 487 qua
1431 436 1549 487 pluri-

268 509 377 535 mum
401 494 651 540 abhorrebat,
671 493 905 544 supplicium
923 495 1263 547 hoeirrogaverat3
1279 498 1394 538 sedin
1417 512 1550 538 exem-

268 557 404 608 plum,
445 569 520 606 quo
550 556 665 594 ceteri
704 569 725 594 a
752 555 976 595 rebellando
1013 550 1275 597 retinerentur.
1318 559 1416 598 Cum
1448 562 1550 598 enim

269 627 386 658 unam
417 626 564 656 tantum
593 617 750 656 haberet
776 618 930 667 imperii
961 619 1123 658 aestatem
1152 619 1362 671 reliquam,
1393 634 1556 671 eamque

270 678 392 730 ipsam
419 679 566 717 inimici
593 686 780 729 cuperent
805 679 975 729 eripere3
1002 679 1106 719 nulla
1130 683 1205 720 alia
1226 682 1378 721 «ratione
1402 682 1554 721 rebatur

272 742 435 781 obtineri
450 772 461 789 ,
489 754 604 791 quam
637 741 752 780 tantis
775 740 973 781 laboribus
995 743 1190 792 quaefierat
1211 774 1224 790 ‚
1251 753 1395 793 pacatae
1423 744 1557 783 Galliae

269 804 416 842 famam
445 802 561 852 poffe.
592 802 799 842 confilium
827 802 980 842 Caesaris
1005 803 1114 843 solita
1142 806 1225 853 ejus
1251 804 1412 843 felicitas
1446 806 1558 853 adju-

269 867 338 907 vit.
363 865 440 906 Sub
471 866 575 904 idem
599 873 753 914 tempus
784 864 976 913 Luterius,
1011 865 1079 915 qui
1107 879 1225 904 novas
1252 865 1446 905 concitare
1474 876 1556 904 tur-²

269 927 340 967 bas
368 926 574 977 potuisset,
600 927 647 966 ab
678 927 888 976 Epasnaeto
914 928 1082 966 Arverno
1110 928 1260 967 vincius
1291 927 1341 967 ad
1371 926 1557 967 Caesarem

272 988 403 1028 missus
431 987 493 1026 est.
526 987 670 1037 Drapes
694 986 843 1036 aliquot
866 988 1017 1025 dierum
1043 986 1173 1025 inedia
1196 987 1233 1025 se
1257 987 1436 1026 confecit.

327 1048 492 1088 XXVII.
510 1049 668 1095 Surus,
688 1048 839 1086 virtutis
863 1049 897 1086 &
919 1047 1064 1097 generis
1089 1047 1193 1086 fama
1216 1047 1382 1094 nobilis,
1411 1047 1475 1098 qui
1499 1045 1558 1086 so-

272 1110 334 1150 lus
362 1110 574 1150 AEduorum
604 1121 707 1148 arma
735 1109 966 1156 retinuerat,
996 1109 1037 1147 in
1066 1109 1232 1149 Treviris
1256 1122 1278 1147 a
1304 1108 1472 1148 Labieno
1497 1121 1560 1148 ca-

272 1181 364 1222 ptus
399 1173 451 1211 est
477 1172 636 1222 equestri
663 1170 826 1222 proelio,
858 1185 937 1222 quo
967 1173 1002 1211 &
1028 1171 1177 1211 Treviri
1200 1173 1236 1211 ὁὶ
1261 1171 1442 1210 Germani
1465 1170 1561 1211 Tre-

273 1234 445 1278 virorum
468 1232 558 1271 socii
584 1232 746 1283 superati
767 1232 862 1271 sunt.
896 1232 997 1273 Tota
1018 1232 1142 1272 Gallia
1165 1242 1323 1283 pacata,
1355 1244 1441 1271 curn
1461 1245 1560 1271 non-

275 1294 371 1333 dum
394 1294 639 1343 Aquitaniam
669 1284 803 1333 adisset
829 1294 973 1341 Caesar,
1007 1294 1070 1333 sed
1102 1308 1167 1344 per
1197 1295 1235 1334 P.
1262 1293 1430 1334 Crassum
1461 1307 1560 1333 non-

274 1355 400 1395 nullas
426 1356 596 1396 civitates
626 1356 854 1407 subegisset,
892 1370 943 1396 eo
974 1357 1168 1407 profectus
1199 1357 1272 1405 est,
1306 1356 1559 1406 omnibusque

275 1417 424 1468 legatos
447 1420 482 1459 ὃς
507 1419 654 1457 obsides
680 1418 943 1464 mittentibus,
967 1418 1164 1468 Aquitania
1191 1417 1360 1457 universa
1377 1418 1416 1456 in
1439 1418 1560 1458 fidem

273 1489 464 1530 accepta,
499 1479 721 1520 Narbonem
759 1479 904 1527 rediit,
939 1488 1206 1529 conventuque
1241 1479 1294 1518 ibi
1327 1479 1484 1528 habito,
1515 1480 1556 1519 in

275 1540 411 1591 Belgas
432 1541 547 1590 abiit,
567 1551 611 1582 ut
638 1542 938 1582 Nemetocennae
964 1541 1192 1583 hibernaret.

333 1603 516 1644 XXVIII.
551 1603 607 1643 Ibi
643 1603 818 1642 lubenter
851 1605 1057 1654 cognovit,
1086 1616 1134 1642 ne
1155 1603 1246 1653 quid
1269 1603 1409 1642 deinde
1434 1602 1561 1643 turba-

274 1669 363 1705 'rum
388 1666 426 1704 in
457 1665 578 1705 Gallia
608 1674 820 1713 metueret,
856 1666 971 1704 etiam
998 1666 1179 1706 Comium
1212 1665 1428 1706 Atrebatem
1454 1667 1491 1704 in
1520 1666 1565 1705 fi-

278 1729 366 1768 dem
395 1728 545 1769 venisse.
575 1729 611 1768 Is
633 1731 736 1767 enim
765 1730 847 1778 post
870 1729 988 1768 factas
1007 1729 1072 1768 fibi
1099 1728 1274 1777 infidias,
1295 1729 1344 1768 ad
1371 1728 1559 1768 ultionem

278 1788 427 1839 semper
451 1790 643 1836 intentus,
676 1791 876 1829 occasione
902 1791 1058 1830 tandem
1083 1801 1230 1840 reperta
1250 1822 1261 1838 ,
1292 1803 1397 1829 arma
1424 1790 1563 1840 posue-

278 1862 348 1889 rat.
388 1851 486 1890 Nam
520 1851 562 1891 C.
587 1850 796 1890 Volusenus
826 1851 1043 1899 Quadratus
1070 1851 1243 1901 equitum
1277 1850 1474 1900 praefectus
1510 1851 1562 1890 ad

278 1910 319 1949 id
340 1910 603 1962 colloquium,
638 1925 705 1962 per
733 1914 841 1961 cujus
865 1910 1146 1950 simulationem
1173 1912 1301 1952 Comii
1330 1924 1433 1951 mors
1457 1923 1563 1962 pete-

280 1973 410 2024 batur,
441 1975 567 2014 miffus
592 1989 611 2014 a
636 1975 802 2015 Labieno
829 1975 964 2014 fuerat.
998 1975 1119 2025 Igitur
1142 1987 1232 2014 cum
1260 1975 1350 2013 hinc
1375 1988 1560 2027 magnum

281 2038 381 2077 inter
397 2050 461 2075 eos
480 2037 613 2075 odium
634 2037 911 2083 intercederet;
934 2035 1162 2081 Volusenum
1182 2036 1307 2076 Comii
1331 2036 1425 2086 saepe
1447 2030 1561 2075 inter-

279 2100 401 2150 ceptis
426 2100 641 2150 equstibus,
669 2099 856 2149 postremo
882 2099 1058 2146 capiendi
1084 2100 1196 2149 iplius
1212 2100 1447 2150 cupiditate,
1469 2113 1559 2140 eum

280 2175 369 2202 cum
392 2163 525 2212 paucis
547 2161 872 2200 vehementissime
901 2162 951 2200 est
977 2161 1180 2201 insecutus..

280 2255 283 2257 >
336 2224 492 2264 XXIX.
518 2223 573 2263 Ibi
596 2223 776 2270 Comius,
801 2222 914 2272 longe
939 2236 958 2261 a
986 2221 1059 2261 suis
1088 2222 1288 2272 abreptum
1314 2222 1449 2262 videns
1465 2253 1476 2271 ‚
1501 2234 1561 2262 re-

328 2342 348 2383 ξ
375 2341 481 2374 XXV.
502 2340 618 2372 From.
641 2341 742 2372 Strat.
769 2350 806 2381 3.
828 2350 858 2372 -ῖ,
884 2339 986 2372 (Ἰνοῖ.
1014 2339 1102 2372 Hirt-
1127 2339 1147 2382 §
1177 2340 1300 2375 XXVI.
1327 2339 1429 2376 Oros.
1456 2340 1550 2375 Hirt-

280 2387 305 2432 ᾗ
332 2387 473 2425 XXVII.
498 2384 598 2419 Oros.
619 2385 708 2418 let.
743 2385 764 2429 §
785 2384 942 2419 XXVIII.
967 2383 1070 2417 Oros.
1088 2383 1177 2417 Hirt.
