1675 2959
244 112 325 158 IN
374 109 550 157 LOC.
593 107 735 154 LIB.
775 104 881 158 ‚CVI
930 106 1081 152 LIV.
1233 122 1326 171 223·

53 211 129 252 bat.
166 204 316 252 Idcirco
350 212 530 263 postridie
569 213 822 262 prodeuntem
857 212 905 252 ad
940 210 1106 251 tribunal
1143 212 1331 253 Catonem

52 273 266 324 promiscua
293 273 502 312 multitudo
529 274 736 321 conviciis,
765 285 856 312 mox
886 275 1002 312 etiam
1026 273 1241 324 lapidibus,
1263 287 1332 324 ap-

51 335 210 384 petivit,
230 343 271 373 ut
298 332 606 383 diffugientibus,
631 336 693 385 qui
715 348 805 374 eum
829 335 1096 384 deducebant,
1123 334 1332 375 vehemen-

53 403 111 434 ter
135 395 314 438 contusus
347 405 459 445 atque
484 398 646 445 jactatus
675 397 737 437 vix
768 399 809 436 in
838 397 953 437 rostra
985 405 1207 448 penetraret.
1235 399 1333 438 Inde

55 455 328 495 conversus-ad
358 457 532 505 turbam,
567 458 778 498 constantia
811 457 939 497 vultus
967 458 1074 498 illico
1104 460 1335 500 seditionem.

28 517 337 568 ,clamoremque
365 519 585 568 compressit.
609 533 617 558 :
652 532 746 558 mox
775 528 863 569 apta
895 521 1058 570 tempori
1087 521 1259 560 oratione
1285 521 1341 560 fic

55 579 226 619 diss'eruit
260 581 307 619 de
342 579 614 630 praesentibus,
651 588 691 619 ut
720 579 907 618 tumultus
937 581 1061 619 omnis
1093 581 1208 621 semel
1237 594 1341 627 con-,

37 640 276 690 nquiesceret.
303 641 395 691 Legi
421 650 573 688 tamen,
606 652 693 680 cum
723 654 744 680 a
769 641 987 681 consulibus
1016 655 1063 681 ex
1095 642 1338 683 senatuscon-

55 702 155 744 fulto
177 705 355 753 ferretur,
378 717 427 744 ne
448 700 533 755 ipsis
559 706 714 756 quidem
736 705 980 754 nolentibus,
1006 707 1245 748 intercessum
1271 709 1338 750 est.

112 767 164 806 X.
194 768 276 807 Nec
307 767 396 806 ideo
425 768 548 806 minus
570 768 756 807 tribunitii
778 769 996 816 candidati,
1029 771 1207 820 depofitis
1231 771 1340 822 apud

57 827 115 868 M.
136 829 322 868 Catonem
343 829 542 880 quingenis
565 829 758 878 sestertiis,
780 829 1123 880 compromiserunt
1139 843 1248 883 petere
1266 845 1342 869 ma.

53 891 231 943 gistratum
260 892 437 944 legitime:
466 893 525 944 qui
551 904 669 930 contra
685 892 844 944 feczffiet,
871 893 1041 930 arbitratu
1073 894 1217 932 Catonis
1254 903 1344 940 con-2

57 952 296 999 demiraretur,
319 954 570 1005 depositumque
593 953 776 1004 pecuniam
792 956 952 1000 perderet.
987 953 1112 992 Unum
1140 965 1184 992 ex
1205 966 1251 992 eo
1271 967 1343 993 nu-

56 1022 164 1054 mero
199 1022 285 1049 cnm
314 1012 407 1052 Cato
439 1012 677 1054 damnass'et,
715 1007 1108 1058 competitoribusquo
1135 1012 1342 1058 pecuniam

59 1069 215 1119 jussiffet
239 1069 407 1116 solvere,
441 1067 499 1107 illi
534 1067 683 1118 judicio
715 1068 870 1108 Catonis
905 1069 1104 1117 contenti,
1135 1070 1344 1119 pecuniam

61 1131 243 1170 damnato
276 1130 513 1169 remiserunt.
551 1130 603 1169 Ea
633 1142 690 1170 res
715 1138 758 1169 ut
782 1129 963 1169 illustrem
992 1130 1129 1169 Catoni
1155 1130 1344 1181 gloriam,

58 1193 112 1232 ita
136 1191 411 1232 acerbissimam
443 1191 629 1231 invidiam
657 1191 811 1242 attulit,
846 1193 951 1242 quod
979 1205 1073 1232 unus
1099 1192 1184 1244 plus
1218 1195 1347 1232 omni-

63 1254 135 1295 bus
173 1248 385 1304 &legibus
421 1256 456 1293 δε
492 1254 646 1303 judiciis
671 1254 825 1294 valuisse
851 1255 1059 1295 videretur.
1104 1255 1343 1297 Exclamall'e

62 1323 146 1354 tum
178 1315 402 1354 Ciceronem
432 1315 580 1364 ferunt,
608 1330 629 1354 o
655 1329 686 1354 te
704 1316 872 1368 felicem,
897 1319 955 1358 M.
984 1318 1112 1366 Porci,
1137 1333 1161 1356 a
1181 1334 1248 1371 quo
1276 1334 1344 1359 rem

61 1376 250 1431 improbam
270 1390 380 1431 petere
406 1393 502 1416 nemo
527 1380 658 1417 audet!

123 1438 195 1478 XI.
223 1438 402 1478 Ceterum
423 1438 517 1478 Cato
542 1436 718 1478 adversus
741 1446 887 1478 tantam
911 1441 987 1479 vim
1013 1440 1251 1490 perditorum
1275 1441 1347 1481 ho.

61 1501 214 1540 minum
253 1498 478 1550 plerumque
508 1500 642 1539 frustra
671 1499 914 1549 luctabatur,
947 1501 1135 1551 multique
1169 1505 1251 1552 ejus
1280 1515 1346 1542 co«

61 1570 172 1601 natus
195 1562 236 1600 in
258 1562 406 1602 irritum
434 1561 647 1602 cadebant:
671 1564 1000 1613 quemadmodum
1033 1566 1069 1603 Sc
1095 1565 1134 1602 in
1151 1565 1191 1604 C.
1218 1566 1345 1605 Ponti-

47 1626 129 1662 -nio
142 1655 153 1671 ,
169 1636 282 1673 quem
295 1654 306 1671 ,
319 1625 359 1677 fi·
374 1624 467 1663 [vivo
481 1654 492 1672 ‚
506 1624 792 1677 triumphaturum
813 1625 909 1664 Cato
925 1634 1139 1674 negaverat.
1161 1627 1260 1665 Nam
1278 1627 1347 1667 ille

62 1685 175 1735 supra
199 1686 428 1734 triennium,
447 1686 530 1736 post
555 1686 725 1726 devictos
742 1685 967 1738 Allobrogas
982 1719 992 1736 ,
1010 1689 1058 1727 ad
1081 1688 1215 1728 urbem
1231 1689 1344 1729 haere-

62 1746 129 1786 bat
151 1747 387 1797 triumphum
408 1747 624 1798 postulans:
649 1749 773 1787 donec
797 1750 873 1789 Ser.
897 1750 1088 1800 Sulpicius
1107 1751 1227 1791 Galba
1250 1765 1349 1803 prae-·>

62 1816 124 1846 tor
139 1838 149 1856 ,
176 1809 240 1858 qui
264 1808 410 1859 legatus
432 1809 471 1847 in
489 1808 612 1848 Gallia
634 1810 812 1849 Pontinio
837 1811 986 1859 fuerat,
1009 1812 1057 1850 de
1077 1812 1237 1862 imperio
1263 1816 1349 1862 ejus

67 1869 116 1908 ad
147 1870 335 1921 populum
365 1870 432 1910 sub
470 1870 590 1922 ipsam
623 1885 798 1912 auroram
832 1873 944 1922 tulit,
972 1886 1060 1913 cum
1097 1882 1186 1912 ante
1212 1873 1349 1915 horam

64 1935 228 1984 primam
251 1936 309 1986 agi
338 1948 427 1975 cum
449 1936 594 1986 populo
617 1935 763 1976 soleret.
793 1937 911 1988 Igitur
932 1939 1028 1978 Cato
1053 1940 1088 1978 δε
1109 1940 1146 1979 Ρ.
1165 1940 1348 1981 Servilius

63 2004 271 2045 praetores,
303 2009 391 2037 cum
422 1998 573 2038 tribuno
597 1999 721 2049 plebis
748 2000 796 2048 Q
825 2000 959 2040 Mucio
990 2000 1186 2048 Scaevola,
1217 2001 1347 2052 prohi-

67 2056 158 2096 bere
189 2058 426 2109 triumphum
454 2059 715 2108 conabantur,
749 2073 864 2109 quem
898 2069 986 2100 ante
1020 2062 1124 2100 diem
1158 2062 1214 2101 ΙΙΙ
1240 2063 1344 2103 Non.

65 2119 279 2159 Novembr.
311 2130 391 2159 erat
416 2120 610 2160 duc‘lurus.
638 2121 787 2172 fuitque
809 2135 888 2161 non
909 2122 1003 2162 levis
1028 2135 1072 2162 ea
1095 2123 1157 2162 die
1186 2131 1347 2163 conten-

67 2180 150 2228 tio,
175 2190 218 2220 ut
244 2183 360 2221 etiam
390 2183 438 2222 ad
471 2177 594 2222 caedes
618 2184 887 2234 perveniretur.

123 2242 214 2282 XII.
248 2243 324 2283 Sed
346 2243 547 2295 plerosque
571 2254 777 2297 praetorum
803 2256 918 2298 atque
948 2246 1189 2287 tribunorum
1217 2246 1348 2292 secum

68 2410 75 2415 -
115 2367 137 2410 §
164 2367 223 2401 lx.
258 2370 332 2404 Cic.
360 2372 400 2404 ad
423 2374 533 2412 Λαὶς.
556 2384 599 2416 4,
627 2385 688 2417 14,
711 2374 745 2407 &
766 2376 806 2407 ad
823 2375 869 2417 Q.
896 2374 991 2407 fratr.
1013 2384 1032 2406 2
1047 2401 1055 2415 ‚
1075 2386 1128 2414 ¹4·
1147 2372 1170 2417 §
1194 2375 1236 2407 X.
1257 2374 1350 2408 Plura·

67 2414 105 2457 afr
130 2412 206 2450 eat.
228 2412 302 2451 cie.
321 2415 361 2450 ad
376 2417 480 2452 Attae.
496 2430 542 2461 4,
576 2430 630 2462 ις.
651 2421 674 2466 5
691 2419 752 2456 xr.
769 2419 846 2457 cic.
874 2419 917 2455 ad
939 2419 984 2464 ρ.
1003 2419 1098 2455 fratr.
1117 2429 1159 2461 2,
1185 2430 1240 2463 ις.
1256 2412 1351 2454 plut:
