1675 2959
316 152 401 200 IN
448 149 623 199 [οε.
667 149 808 219 Lm.
856 145 936 192 αι
993 145 1134 193 mv,
1319 160 1371 205 53

89 260 157 301 tris
179 260 402 300 memoriam
429 258 650 304 celebrans,
691 254 844 304 paribus
873 253 1053 292 trecentis
1082 253 1117 291 <Sc
1143 249 1282 300 viginti
1309 248 1375 287 da-

94 323 168 370 tis,
193 334 281 360 cum
311 320 507 370 aliquanto
530 318 637 368 plura
663 315 885 356 destinasset.
918 315 996 355 Sub
1015 314 1120 352 idem
1145 312 1248 351 enim
1277 320 1378 348 tem.

93 397 166 434 pus
195 380 517 422 senatusconsulto
554 380 602 418 de
634 391 794 417 numero
822 377 1078 428 gladiatorum
1105 384 1262 413 cautum
1297 371 1379 419 est,

94 456 172 493 quo
198 456 246 481 ne
269 444 458 491 majorem
484 441 665 490 cuiquam
693 438 833 477 habere
857 438 989 478 Romae
1010 436 1166 482 liceret,
1192 434 1279 484 quia
1299 433 1380 472 Cae-

93 505 174 554 sar,
193 505 322 544 multis
348 504 566 549 lanistarum
593 502 824 552 comparatis
847 500 1026 547 familiis,
1045 499 1246 544 inimicos,
1275 494 1379 546 quast

96 569 147 607 ad
178 569 262 606 vim
295 568 354 606 his
393 566 550 612 usurUS,
589 565 836 605 exterruerat.
876 561 1115 602 Gladiatorio
1151 559 1300 596 muneri
1341 557 1379 599 &

97 628 256 678 epulum
286 628 438 678 adjecit.
475 626 538 667 Ob
562 625 630 665 has
650 625 893 675 lasgitiones,
918 626 953 663 &
980 624 1067 673 quia
1093 621 1242 660 dudum
1273 630 1382 656 cura-

96 698 157 729 tor
178 691 307 740 Appiae
328 691 399 729 viae
419 699 591 734 creatus,
617 688 784 726 multum
808 687 856 726 de
877 685 945 725 suo
968 685 1229 734 impenderat,
1256 681 1380 719 maxi-

98 765 206 791 mum
233 752 302 791 fibi
333 752 505 790 favorem
525 748 658 801 populi
689 748 922 788 conciliavit.
957 748 1031 789 Sed
1062 749 1096 786 ἅ
1126 744 1222 784 illud
1248 742 1382 781 laetum

98 814 215 864 vulgo
238 813 337 859 fuit,
366 804 477 863 quod¹
492 820 789 850 monumentum
815 810 856 849 C.
877 809 991 850 Marii
1017 808 1064 847 de
1080 804 1290 856 Jugurtha‚
1317 803 1384 841 de-

101 890 175 927 que
192 876 379 925 Cimbris,
402 889 484 926 quae
510 874 614 915 Sulla
636 874 855 922 disjecerat,
875 885 896 910 a
915 870 1056 911 Caesare
1080 869 1131 908 est
1152 868 1383 906 restitutum.

155 947 246 986 XII.
282 947 317 986 Is
349 946 488 985 statuas
524 944 639 984 Marii
671 945 706 983 ἃ
743 951 886 992 tropaea
917 940 1015 979 clam
1045 934 1231 979 fabricata
1266 937 1386 975 noctu

100 1009 141 1048 in
170 1007 358 1058 Capitolio
384 1006 522 1057 posuit.
561 1003 741 1044 Postridie
768 1015 856 1042 cum
883 1003 964 1041 auri
993 1001 1173 1052 splendor
1198 1001 1234 1039 8:
1267 996 1385 1036 artifi-

101 1072 159 1109 cis
188 1068 370 1108 industria
401 1066 535 1106 oculos
562 1065 766 1105 hominum
798 1065 1012 1104 adverteret
1031 1094 1042 1111 ,
1081 1069 1281 1101 momento
1316 1071 1386 1109 per

102 1131 237 1169 urbem
267 1130 418 1169 deditus
441 1142 596 1176 rumor,
626 1128 822 1177 ingentem
854 1128 902 1165 ad
936 1126 975 1165 id
1007 1123 1268 1176 spectaculum
1296 1134 1390 1160 con-

105 1193 255 1234 cursum
278 1192 472 1233 excitavit.
492 1191 551 1230 Ad
568 1190 768 1229 audaciam
786 1190 938 1238 juvenis
964 1192 1116 1242 (neque
1138 1187 1240 1225 enim
1256 1196 1391 1234 quem-

107 1271 223 1308 quam
245 1256 402 1295 fallebat
436 1257 516 1304 ejus
546 1255 598 1293 rei
628 1254 788 1301 auctor)
817 1246 917 1290 inter
940 1246 1115 1288 diversos
1141 1245 1391 1287 laudantium-

105 1318 548 1370 1eprehendentiumque
576 1327 704 1354 motus
732 1313 894 1353 universi
914 1313 1126 1363 stupebant.

106 1412 124 1422 ,.
174 1379 285 1427 ΧῌΙ.
316 1381 363 1419 At
389 1378 535 1417 inimici
560 1378 709 1427 magnis
744 1374 1003 1421 clamoribus,
1034 1373 1073 1412 id
1100 1371 1278 1411 videl-icet
1306 1383 1387 1410 am-

106 1441 254 1483 bitione
273 1453 474 1482 munerum
500 1438 694 1489 quaefitum
719 1436 816 1485 esse,
839 1435 1091 1481 testabantur,
1107 1443 1149 1472 ut
1172 1432 1248 1471 hoc
1268 1431 1393 1482 palpo,

106 1503 384 1543 mansuefactus
411 1500 577 1552 populus
608 1501 721 1539 instar
753 1500 893 1538 ferocis
928 1498 1014 1548 equi
1045 1497 1208 1536 fraenum
1235 1495 1301 1534 fibi
1331 1496 1390 1533 in-

106 1567 170 1616 jici
198 1573 399 1615 pateretur.
436 1564 537 1603 Nam
571 1562 637 1601 ista
661 1561 835 1612 profesto
862 1560 1046 1599 tentantis
1080 1558 1297 1609 potentiam
1322 1555 1392 1595 ho-

107 1628 259 1669 minum
273 1655 284 1673 ,
313 1627 347 1664 δ’(
367 1625 471 1663 viam
497 1624 547 1662 ad
570 1636 729 1674 regnum
750 1621 945 1661 molientis
965 1619 1051 1658 effe.

164 1689 270 1730 XIV.
289 1687 432 1727 Contra
456 1687 715 1727 Marianarum
735 1685 906 1734 partium
925 1682 1121 1730 homines,
1142 1681 1277 1732 ingens
1293 1679 1395 1722 mul,-

109 1752 236 1790 titudo
260 1748 392 1800 plausu
420 1748 641 1799 complebat
668 1746 926 1797 Capitolium,
951 1743 1187 1796 profufisque
1219 1744 1267 1783 ad
1297 1755 1394 1782 cone

109 1812 282 1863 spectum
307 1810 510 1849 statuarum
544 1822 618 1859 prae
643 1809 784 1859 gaudio
815 1807 1006 1855 lacrimis,
1045 1806 1232 1846 Caesarem
1262 1805 1392 1845 faustis

109 1874 272 1915 vocibus
302 1871 569 1922 ominibusque
596 1871 945 1921 prosequebantur,
979 1882 1099 1908 unum
1127 1870 1306 1907 omnium
1339 1867 1396 1907 af-

110 1931 332 1979 finitate‘C.
362 1935 478 1975 Marii
517 1936 680 1985 dignum
713 1933 977 1984 praedicantes.
1022 1932 1166 1972 Coae‘to
1205 1931 1305 1971 hanc
1341 1930 1405 1970 ob,

111 2014 193 2044 rem
214 1999 344 2038 senatu
359 2029 371 2046 ,
394 1999 441 2048 Q
459 1996 616 2038 Catulus
642 1995 823 2036 accusans
848 1996 1052 2044 Caesarem,
1078 1997 1176 2035 inter
1201 1996 1276 2035 alia
1299 1994 1406 2036 mul...

113 2072 153 2105 ta
177 2060 349 2100 nobilem
377 2059 491 2103 illam*
513 2072 656 2098 vocem
681 2059 799 2107 mifit,
833 2074 892 2098 nec
921 2060 1009 2096 enim
1026 2058 1103 2111 jam
1127 2058 1300 2096 cuniculis
1329 2060 1400 2098 Cae-

107 2126 193 2178 sar,
209 2125 274 2176 sed
296 2123 493 2169 machinis,
515 2122 605 2173 petit
636 2121 888 2174 rempublicam.
920 2120 1019 2160 Cum
1049 2128 1178 2158 autem
1201 2118 1324 2160 Caesar
1345 2119 1405 2161 ita,

115 2183 388 2235 respondisset,
418 2190 462 2221 ut
482 2181 630 2222 senatui
651 2182 831 2232 probaret
861 2180 1035 2229 causam,
1066 2181 1277 2220 faventium
1302 2181 1400 2220 adeo

115 2246 203 2286 sunt
235 2245 349 2288 erecti
380 2244 525 2290 animi,
559 2253 602 2284 ut
627 2243 771 2283 nemini
804 2243 842 2282 se
874 2243 1094 2283 submittere
1121 2242 1324 2293 juberent,
1351 2241 1404 2282 ac}v

117 2308 248 2349 omnia
270 2319 409 2358 magna
428 2314 582 2355 natum,
609 2307 645 2346 &
665 2304 802 2356 populi
826 2305 958 2345 studiis
972 2305 1267 2345 consecuturum
1292 2304 1421 2356 quida„

118 2370 230 2411 libet.

174 2485 196 2529 S
224 2484 284 2529 xr,
305 2484 449 2526 nimios,
468 2458 561 2521 muxss
585 2484 622 2518 an
649 2483 734 2521 caer.
756 2495 786 2519 ς.
805 2483 838 2519 8.
857 2484 998 2521 Sueten·
1027 2481 1051 2526 ς,
1070 2481 1146 2514 xn-
1169 2480 1263 2520 Piae,

825 2544 831 2554 “
1058 2536 1105 2589 D
1129 2553 1160 2597 τ»
