1675 2959
269 137 358 202 178
426 139 521 188 JO.
562 137 1072 184 FREINSHEMII
1111 135 1479 184 SUPPLEMs

264 246 304 287 sa
328 247 401 295 est,
430 245 531 296 turpi
564 244 798 284 confessione
825 244 992 284 avaritiae
1018 257 1028 284 ε
1071 258 1143 295 qua
1171 244 1247 284 fine
1273 243 1298 283 fi
1320 242 1467 290 sufflet,
1501 240 1555 281 ob

262 310 381 347 unius
407 307 551 346 tribuni
571 305 694 357 plebis
714 305 873 348 furiosas
892 307 962 344 iras
976 335 987 353 ‚
1012 306 1125 344 vivus
1147 303 1354 354 vidensque
1375 317 1439 342 rex
1462 303 1556 341 ami·

261 382 355 418 cus⁷
391 382 515 419 neque
540 368 655 406 ullius
685 368 726 405 in
761 380 840 405 rem
868 367 1085 407 Romanam
1111 366 1257 416 injuriae
1284 377 1395 412 reus,
1427 376 1555 413 neque

263 432 378 471 rebus
393 462 404 479 ,
430 442 474 469 ut
499 430 616 478 solet,
639 430 836 479 repetitis,
864 428 975 468 causa
997 429 1217 479 incognita,
1240 442 1319 468 non
1347 426 1438 466 effen
1461 438 1554 465 cum

261 495 376 543 bonis
407 494 586 534 omnibus
615 492 846 543 publicatus.
899 493 1003 533 Huic
1034 499 1144 530 tanto
1175 491 1357 530 dedecori
1393 489 1550 541 publico

259 561 327 611 qui
354 558 625 603 ministerium,
653 569 886 606 quamquam
908 556 1076 603 invitus,
1102 554 1314 606 praebuerat
1334 554 1452 600 Cato,
1472 562 1555 592 tam

262 621 425 672 diligens
443 618 630 666 commisti
645 619 768 658 custos
790 619 889 665 fuit,
915 626 959 658 ut
979 618 1028 658 ad
1046 617 1246 658 occursum
1269 616 1418 655 senatus
1435 618 1470 655 ὃς
1490 628 1554 654 ce-

258 693 430 725 terorum
449 692 663 737 ⁸nonlante
696 680 969 729 exscenderet‚
995 693 1121 730 neque
1144 680 1340 719 inhiberet
1370 678 1520 716 cursum
1535 709 1550 724 ,

259 758 378 796 quam
408 744 457 783 ad
493 743 625 781 locum
657 750 884 792 perventum
914 741 989 790 est,
1023 741 1090 780 ubi
1122 750 1201 780 erat
1233 739 1461 790 exponenda
1488 751 1554 788 pe-

260 808 384 848 cunia.
428 806 524 846 Inde
556 803 735 844 translata
772 816 840 854 per
875 803 1001 843 forum
1035 803 1332 843 admirationem
1369 800 1552 840 excitavit

258 870 532 921 spectantium:
564 880 637 907 nec
670 876 749 906 erat
777 879 833 906 res
859 865 1062 917 triumpho
1093 864 1296 913 abfimilis,
1335 863 1551 914 frequentia

260 936 298 972 &
323 932 464 983 gaudio
502 930 800 979 celebraritiun13
839 932 874 969 ἃ
901 928 986 979 plus
1018 929 1210 969 inferebat
1239 929 1396 976 aerario,
1436 939 1551 977 quam

257 994 405 1033 sacocum
434 1005 482 1031 ex
507 991 587 1030 ullo
618 990 813 1039 triumpho
837 991 973 1030 suerat.

304 1051 459 1094 J'LXIX.
492 1053 594 1091 Aetae
625 1050 675 1088 ob
700 1050 782 1089 haec
812 1049 947 1088 Catoni
975 1049 1014 1088 in
1041 1047 1173 1086 senatu
1199 1046 1352 1096 gratiae,
1388 1044 1552 1085 consuli-

254 1115 405 1166 busque
430 1112 681 1154 referentibus
712 1124 862 1165 praetura
884 1110 960 1158 illi,
991 1112 1026 1150 δ’
1042 1110 1108 1163 jus
1134 1109 1312 1162 speblandi
1343 1110 1445 1147 ludos
1464 1123 1551 1161 prce-

254 1189 415 1224 textato‚
440 1189 541 1215 extra
569 1175 723 1213 ordinem
746 1173 846 1212 data.
877 1172 928 1212 Ea
951 1184 1040 1210 cum
1059 1171 1213 1210 decreta
1236 1181 1416 1220 magnam
1437 1170 1551 1210 Cato-

254 1240 300 1278 ni
326 1237 487 1290 gloriam
513 1236 686 1275 conferre
715 1235 932 1274 viderentur
948 1265 961 1282 ‚
991 1235 1178 1283 majorem
1200 1231 1325 1284 spreta
1347 1233 1403 1271 illi
1434 1241 1550 1283 atque

255 1303 459 1353 repudiata
476 1301 676 1340 dederunt.
701 1299 844 1349 quippe
863 1297 1173 1337 extraordinariis
1187 1296 1438 1348 potestatibus
1455 1296 1552 1335 sern-

255 1376 326 1415 per
346 1361 550 1409 adversus,
574 1361 681 1412 quod
705 1361 743 1398 in
768 1360 852 1399 aliis
879 1373 957 1399 non
981 1357 1193 1410 probabat,
1223 1361 1304 1409 ejus
1329 1360 1368 1398 in
1398 1359 1435 1398 se
1459 1371 1551 1397 con-

255 1425 351 1476 spici
379 1423 603 1474 exemplum
629 1435 708 1462 non
730 1421 962 1472 patiebatur.
992 1422 1089 1461 Cum
1109 1421 1247 1461 Clodio
1270 1434 1361 1460 mox
1388 1431 1551 1460 conten-

258 1489 406 1528 tionem
435 1485 570 1525 habuit
598 1485 648 1524 ob
679 1484 804 1524 servos
830 1485 952 1535 regios
969 1515 981 1531 ,
1009 1496 1174 1534 quorum
1197 1496 1379 1534 magnum
1402 1496 1448 1521 ex
1476 1483 1549 1534 Cy-

256 1561 330 1600 pro
351 1559 555 1587 numerum
572 1547 796 1585 adduxerat.
810 1560 888 1593 eos,
909 1547 1002 1598 quod
1019 1560 1064 1583 ex
1080 1547 1151 1599 sua
1171 1545 1242 1598 lege
1264 1546 1402 1584 addufli
1421 1545 1548 1596 effem,

261 1612 454 1653 Clodianos
478 1609 711 1663 appellandos
739 1607 802 1647 ille
833 1604 1012 1648 dicebat:
1054 1608 1149 1648 Cato
1184 1620 1257 1646 nec
1280 1607 1320 1646 id
1343 1605 1547 1654 concessit,

255 1686 383 1723 neque
408 1673 555 1711 Porcios
581 1684 602 1710 a
636 1670 704 1709 suo
734 1670 891 1709 nomine
922 1670 1078 1718 vocari,
1111 1670 1217 1720 quod
1246 1667 1443 1709 nonnullis
1469 1667 1551 1720 pla-

257 1736 394 1782 cebat,
431 1733 581 1773 voluit:
614 1733 736 1785 Cyprii
755 1733 943 1771 nominati
967 1731 1065 1772 sunt.

309 1798 436 1839 LXX.
464 1796 522 1837 Ab
548 1796 624 1835 hoc
655 1795 765 1834 initio
794 1794 956 1834 Clodius
981 1797 1064 1834 acta
1090 1793 1269 1834 vellicare
1301 1792 1460 1832 Catonis
1488 1791 1547 1830 in-

254 1863 405 1910 stituit,
437 1863 473 1900 8(
499 1859 653 1897 rationes
683 1869 832 1909 accepta:
853 1856 1007 1910 pecuniae
1029 1855 1229 1907 postulare.
1264 1866 1337 1893 nec
1365 1861 1445 1892 erat
1467 1852 1546 1891 ulla

255 1933 390 1964 contra
422 1920 664 1961 clariffimam
689 1919 757 1958 viri
788 1919 1100 1969 notiffimamque
1133 1917 1395 1967 integritatem
1426 1913 1540 1964 suspi-

255 1987 346 2025 cio:
377 1983 442 2023 sed
472 1982 559 2032 quia
596 1980 895 2027 commentarii,
929 1992 1022 2030 quos
1058 1977 1341 2029 diligentissime
1367 1976 1547 2015 confece-

204 2079 208 2085 .
254 2043 341 2093 rat‘,
364 2043 564 2093 naufragio
592 2050 699 2081 erant
727 2040 878 2089 amiffi,
901 2040 1103 2080 calumniae
1129 2039 1237 2079 color
1262 2039 1398 2088 aliquis
1428 2037 1545 2076 daba-

253 2115 328 2147 tur.
364 2107 475 2146 Hanc
501 2105 548 2143 ad
584 2104 840 2142 instruendam
874 2102 1157 2141 accusationem
1196 2100 1373 2139 conferre
1405 2110 1541 2148 operas

255 2169 379 2209 Caesar
405 2168 633 2213 dicebatur,
670 2165 847 2216 epistolas
872 2167 919 2204 ad
946 2164 1125 2204 Clodium
1149 2177 1193 2202 ea
1224 2164 1273 2201 de
1297 2175 1336 2200 re
1362 2160 1544 2199 millitan-

256 2232 322 2270 do.
351 2230 453 2270 Inter
480 2229 551 2267 alia
578 2227 880 2265 criminabantur
905 2225 1073 2277 dimiffizm
1094 2225 1190 2262 velut
1217 2239 1239 2260 a
1265 2223 1440 2275 recufivne
1457 2234 1546 2272 pra:-

254 2305 391 2342 turam,
416 2306 491 2331 cum
517 2290 586 2342 ipse
601 2289 723 2342 fiuffet
744 2289 926 2327 relationis
946 2287 1145 2339 consulibus
1166 2287 1302 2332 αιιέῖον,
1333 2284 1456 2322 deinde
1479 2295 1545 2320 rem

302 2419 324 2462 ξ
351 2417 614 2450 va111.1³1'm.
645 2426 688 2456 ··‚
720 2426 761 2459 30
795 2414 828 2446 δι
860 2424 919 2455 34,
946 2413 976 2444 53.
1010 2412 1088 2447 Vax.
1124 2410 1219 2445 Max,
1251 2421 1293 2452 4,
1318 2419 1350 2454 3.
1376 2410 1398 2454 §
1425 2405 1544 2441 LXIX.

266 2464 356 2498 flor.
389 2476 429 2508 3,
455 2475 487 2505 ι).
519 2462 709 2496 Marcellin.
740 2461 817 2495 Sex.
838 2458 916 2493 Ruf.
937 2470 966 2492 c.
988 2467 1041 2503 13.
