1675 2959
307 155 391 202 IN
439 152 616 209 mc,
659 150 799 198 ΗΒ.
840 146 923 198 cn
974 149 1124 198 mv,
1341 153 1399 213 65

113 256 256 299 idonea
283 270 419 296 manus
447 258 496 296 ad
525 256 691 296 tutelam
721 266 941 296 ceterorum
965 260 1000 298 &
1027 259 1131 298 urbis
1155 258 1195 297 in
1228 256 1405 306 „Ianiculo

115 318 336 363 excubaret.

171 379 306 419 XLIV.
340 378 440 418 Nam
465 378 566 416 inter
593 376 702 416 initia
724 385 849 417 metus
872 377 920 417 ab
946 377 1087 417 accolis
1107 409 1118 426 ,
1142 379 1247 417 tenui
1274 378 1406 419 adhuc

110 451 151 478 re
182 440 385 486 Romana,
420 438 659 478 defiderabat
698 439 932 479 cautionem.
984 440 1015 478 is
1050 439 1190 478 deinde
1222 453 1332 488 mos,
1364 447 1407 480 ut

110 500 232 547 solet,
265 501 509 550 quantumvis
538 508 685 538 mutato
719 513 845 538 rerum
870 501 989 548 statu,
1023 513 1092 550 pro
1124 499 1208 550 lege
1237 500 1409 540 servaba-

112 570 185 601 tur.
228 562 423 602 Vexillum
447 562 561 613 igitur
579 562 702 600 fixum
726 571 808 601 erat
830 563 870 600 in
902 562 1077 610 Janiculo
1096 593 1106 612 ,
1132 563 1315 613 quamdiu
1346 575 1414 603 co-

111 624 221 663 mitia
246 624 509 664 habebantur:
544 637 590 663 eo
613 624 788 673 dimoto,
815 625 1029 675 praesidium
1058 625 1307 673 discedebat,
1342 638 1410 665 nea

110 699 186 737 que
220 686 403 737 deinceps
439 687 499 737 agi
537 698 628 725 cum
662 686 810 737 populo
836 695 999 737 poterat.
1044 686 1225 727 Metellus
1259 686 1402 737 igitur,

113 761 203 788 cum
232 748 364 788 frustra
395 750 534 788 docere
560 757 723 787 conatus
748 748 867 797 effer,
903 762 1024 788 contra
1055 749 1224 802 majorum
1250 751 1411 804 instituta

107 811 281 864 judicium
303 827 341 850 eo
359 824 502 864 tempore
510 810 764 862 perduellionis
776 812 877 861 fieri,
903 809 1035 849 omiil'a
1056 812 1267 858 concione,
1290 806 1414 862 prius.

114 886 230 924 quam
262 872 438 923 suffragia
469 872 680 919 ferrentur,
708 873 748 910 in
777 871 999 918 janiculum
1033 873 1260 922 contendit,
1294 873 1411 912 vexit,

110 933 228 984 loque
251 934 425 980 revulso,
451 932 711 972 necessitatem
745 932 918 971 solvendi
940 934 1098 972 comitia
1130 935 1238 973 fecit.
1270 936 1410 986 Neque

111 995 212 1034 ultra
236 994 374 1033 institit
398 993 611 1041 Labienus,
639 1005 871 1043 quamquam
896 993 971 1033 alia
999 994 1062 1033 die
1094 1004 1265 1045 repetere
1298 1010 1410 1037 reum

109 1055 301 1107 potuisset„
344 1055 550 1105 Supererat
586 1055 634 1093 de
668 1055 968 1105 proscriptorum
1006 1055 1136 1095 liberis
1177 1060 1407 1107 contentio,

107 1120 198 1158 ideo
223 1119 384 1158 tractatu
416 1117 584 1168 asperior
601 1147 614 1163 ‚
647 1118 752 1166 quod
779 1117 1044 1157 adolescentes
1074 1119 1168 1158 boni
1196 1121 1232 1158 Sc
1261 1121 1408 1170 fortes,

109 1179 217 1220 nulla
238 1180 303 1219 sua
330 1179 443 1228 culpa
461 1207 472 1224 ‚
500 1178 690 1227 petitione
716 1178 1003 1227 magistratuum
1028 1179 1275 1219 arcebantur:
1312 1190 1410 1220 erat-

96 1254 185 1293 -que
221 1241 303 1281 haec
341 1253 432 1280 cum
465 1251 657 1288 numem,
698 1248 784 1279 tum
822 1240 960 1291 opibus
997 1240 1158 1281 minime
1190 1241 1409 1292 spernenda

111 1315 263 1342 manuS.

167 1363 286 1404 XLV.
308 1361 384 1401 Sed
404 1361 455 1400 ita
474 1368 559 1400 tum
584 1361 637 1399 rei
657 1359 907 1400 acerbitatem
931 1361 1106 1401 oratione
1125 1362 1294 1404 mollivit
1314 1378 1408 1406 con-

106 1423 166 1465 sul
180 1455 195 1472 ,
222 1426 258 1464 &
293 1424 428 1476 legibus
462 1422 634 1462 Corneliis
649 1424 703 1474 fic
725 1424 886 1462 colzaerere
903 1425 1032 1475 statum
1058 1425 1221 1463 civitatis
1245 1425 1403 1477 docuit,

108 1497 153 1528 ut
175 1486 278 1538 ipsos
296 1498 448 1536 quoque
474 1484 641 1524 honores
670 1494 800 1536 petere
835 1486 1009 1536 puderet.
1050 1486 1091 1527 L.
1122 1497 1254 1528 autem
1284 1489 1407 1530 Caeci-

107 1548 205 1588 lium
231 1547 427 1586 tribunum
442 1546 566 1597 plebis
580 1578 591 1595 ‚
614 1548 653 1587 P.
668 1546 782 1587 Sullae
796 1547 979 1594 fratrem,
1011 1560 1135 1598 eoque
1162 1548 1210 1588 de
1226 1550 1408 1601 mitigan-

109 1610 160 1650 da
183 1622 300 1660 poena
326 1608 494 1647 ambitus
525 1608 715 1648 ferentem
732 1639 743 1657 ‚
770 1617 815 1648 ut
838 1609 943 1648 fratri
972 1609 1115 1648 reditus
1137 1611 1187 1649 ad
1212 1613 1406 1662 petendos

108 1671 277 1711 honores
290 1671 381 1710 effet
393 1702 404 1721 ,
427 1673 480 1712 ita
496 1672 713 1712 immutavit
726 1703 739 1718 ,
756 1680 799 1711 ut
820 1673 856 1712 &
870 1671 1054 1721 abJ'iceret
1068 1673 1329 1723 rogationem,
1346 1679 1407 1726 δε,

110 1734 274 1786 Agrariae
308 1732 397 1786 legis
416 1734 456 1786 fi
480 1733 561 1785 fhre
593 1733 860 1787 iatercssbrem,
888 1733 1138 1784 profiteretur.
1174 1735 1404 1787 Legationes

109 1807 263 1846 quoque
278 1794 416 1835 liberas
427 1825 438 1844 ,
453 1808 685 1846 quamquam
696 1796 745 1834 ad
762 1796 1016 1835 commodum
1037 1796 1187 1835 senatus
1203 1799 1400 1847 pertinere

108 1857 365 1904 videbantur,
402 1856 708 1907 frequentiffimo
743 1856 875 1896 senatu
916 1857 1140 1897 assentiente
1174 1858 1401 1911 sustulisset,

109 1919 178 1959 nisi
205 1919 334 1958 fuiffet
362 1932 383 1958 a
406 1919 570 1959 tribunis
597 1918 850 1960 intercessum.
885 1913 1037 1969 tempus
1076 1929 1208 1959 tamen
1240 1921 1400 1972 minuit,

110 1982 172 2030 Sc,
195 1980 301 2031 quod
321 1980 516 2020 infinitum
539 1981 688 2027 fuerat,
712 1993 884 2021 annuum
905 1980 1010 2019 fecit.
1042 1981 1089 2021 Et
1111 1981 1199 2031 quia
1218 1983 1370 2032 proviso
1390 2013 1404 2033 ,

97 2045 216 2096 ‘quod
235 2044 482 2093 imminebat,
513 2043 617 2084 bello
635 2074 647 2092 ,
665 2043 943 2094 rempublicam
968 2045 1133 2095 pecunia
1164 2058 1261 2096 opus
1288 2046 1402 2086 habi-

109 2117 234 2148 turam
252 2109 441 2159 putabat,
469 2108 577 2149 miffo
600 2108 781 2149 Puteolos
810 2109 849 2149 P.
870 2107 1021 2149 Vatinio
1045 2109 1257 2159 quaestore,
1280 2123 1405 2149 aurum

108 2172 146 2211 ὁ·
169 2183 348 2223 argentum
366 2171 488 2211 vetuit
519 2172 707 2223 exportari.

164 2225 304 2273 XLVL
331 2233 426 2273 Haec
453 2241 568 2284 atque
587 2231 676 2272 talia
700 2231 847 2272 consuli
870 2245 917 2272 eo
942 2230 1093 2272 facilius
1117 2232 1402 2285 procedebant9

155 2365 178 2407 §
215 2366 337 2400 XLIII.
366 2368 462 2413 Pigh.
487 2370 601 2402 annal.
632 2369 722 2403 Plut.
750 2369 822 2402 Cic.
853 2377 973 2402 contra
999 2369 1091 2403 Rull.
1120 2368 1264 2402 Diodor.
1287 2371 1311 2403 1.
1344 2378 1401 2413 37⁶-v

115 2407 139 2451 5
162 2409 282 2444 XLIV.
305 2413 392 2445 Plut.
413 2413 487 2446 Cic.
518 2414 627 2458 Agell.
653 2425 689 2457 ¹3
708 2440 717 2456 ‚
745 2425 799 2455 23.
828 2414 848 2457 §
874 2415 978 2447 XLV.
1003 2415 1076 2446 Cic.
1101 2415 1195 2456 epist.
1220 2414 1322 2446 famil.
1349 2426 1394 2453 r„

111 2463 155 2497 9,
176 2454 258 2487 &ad
279 2457 386 2489 Attic.
404 2468 442 2498 2,
459 2470 489 2490 1.
507 2457 598 2495 Idem
609 2459 649 2493 de
667 2461 733 2504 leg.
755 2459 873 2505 Agrar.
889 2458 976 2493 Plin.
998 2468 1018 2499 7
1031 2484 1039 2500 ,
1058 2469 1113 2502 30·
1138 2458 1227 2490 Plut.
1247 2458 1393 2496 Diodoro

215 2511 265 2557 T.
293 2513 388 2561 Liv.
417 2515 514 2559 Vol.
542 2515 609 2562 X.
1171 2512 1210 2556 E
