1675 2959
266 94 359 137 242
402 80 486 127 JO.
510 79 732 127 FREINS.
752 81 908 129 SUPP.
925 84 991 131 IN
1007 86 1151 134 LOC.
1169 89 1219 135 L.'
1237 89 1355 137 CVI.
1373 91 1490 138 LIV:

262 186 406 237 Syriam
434 195 584 236 narret,
610 187 769 236 Florus,
786 191 938 243 sparsas
956 192 994 230 in
1015 193 1246 242 Armeniam,
1271 196 1456 246 Ciliciam,
1476 202 1553 250 Sy·

257 246 414 297 riamque
439 248 632 300 reliquias,
662 250 729 286 vix
755 252 916 288 nuntium
935 252 1051 290 cladis
1073 255 1233 307 retulzffi.
1275 256 1464 308 Magnum
1491 260 1550 298 in-

257 314 318 346 ter
344 307 415 347 hos
445 309 690 350 Lucanorum
717 311 827 350 fuisse
859 325 1063 353 numerum
1088 327 1317 358 annotatum
1351 320 1429 368 est,
1462 334 1550 371 pro·

253 378 341 418 pter
376 371 626 419 prodigium,
665 373 770 422 quod
799 386 899 411 anno
939 374 1130 425 superiore
1160 378 1199 416 in
1230 379 1393 420 Lucanis
1423 382 1549 434 pluiffe

243 432 342 482 ferro
369 434 591 472 nuntiatum
606 441 708 482 erat,
742 436 801 482 ἃ,
827 438 983 475 cavenda
999 439 1155 491 superna
1179 442 1349 490 vulnera,
1376 443 1549 494 haruspi-

253 505 317 532 ces
343 494 637 543 responderant,
669 497 770 546 quasi
797 498 844 536 de
867 497 1092 540 Parthorum
1115 499 1258 551 sagittis
1285 505 1542 554 monuiffent,

256 568 351 604 quas
376 555 438 614 illi
456 555 630 596 solebant
648 572 654 579 ·
670 559 803 599 imbris
831 561 944 600 instar
963 561 1164 612 spargere,
1189 577 1269 603 non
1288 566 1439 607 directis
1462 569 1546 607 ieli-

251 616 324 656 bus
341 648 349 660 ,
367 616 430 656 sed
455 618 494 657 in
511 618 632 659 altum
654 620 817 671 emiffis,
842 623 947 663 unde
968 632 1111 664 temere
1127 626 1347 667 inciderunt
1361 628 1541 678 subjectis

249 676 419 716 hostium
454 678 682 727 agminibus.

245 772 249 774 .
308 738 413 778 LIX.
455 739 624 779 Cadaver
653 742 897 792 imperatoris
923 745 1024 784 inter
1049 754 1174 786 cetera
1198 760 1358 800 corpora
1387 749 1476 789 feris
1505 753 1543 791 ὃς

249 800 408 841 alitibus
439 803 639 844 relietum:
679 815 794 856 caput
835 820 923 848 cum
959 808 1115 849 dextera
1152 823 1268 850 manu
1295 811 1456 852 relatum
1490 815 1541 854 ad

247 874 379 911 regem
397 894 409 911 ‚
440 872 523 902 tum
555 865 723 904 maxime
748 865 879 917 epulas
906 879 995 906 cum
1020 869 1206 910 Artabaze
1232 873 1412 911 Armenio
1440 873 1540 913 cele-

248 924 438 963 brantem.
468 926 604 965 Pacem
631 928 734 966 enim
758 929 906 969 interea
922 932 1170 981 pepigerant,
1193 934 1335 974 Pacoro
1354 935 1436 975 filio
1455 936 1538 975 Par·

244 986 301 1026 thi
333 987 519 1038 desponsa
545 989 740 1029 Artabazis
768 990 902 1031 sorore.
944 992 1058 1032 Forte
1078 1004 1159 1034 tum
1187 996 1304 1044 Jason
1329 999 1536 1049 tragoedia-

241 1063 329 1088 rum
355 1052 488 1098 actor,
517 1053 671 1102 Agaven
696 1053 880 1100 recitans,
911 1057 1100 1106 corripuit
1125 1058 1241 1098 Craffi
1261 1069 1400 1110 caput,
1429 1061 1536 1111 quas-

236 1112 396 1164 sansque
409 1143 418 1160 ,
431 1114 622 1160 earmina,
642 1127 724 1164 quae
743 1115 789 1152 de
807 1114 977 1156 Pentheo
1001 1118 1144 1158 fecerat
1156 1119 1376 1170 Euripides,
1396 1123 1530 1161 recita-

235 1178 308 1216 vit.
342 1176 426 1215 Post
457 1175 533 1214 hoc
563 1176 706 1215 deinde
733 1176 969 1226 ludibrium,
998 1181 1037 1219 in
1067 1181 1203 1221 rictum
1225 1182 1299 1222 oris
1326 1196 1462 1222 aurum
1483 1183 1530 1223 li-

237 1239 461 1289 quefactum
481 1237 705 1277 infuderunt
726 1239 872 1289 Parthi,
898 1255 987 1281 cum
1015 1244 1313 1294 exprobratione
1335 1246 1500 1285 avaritiae
1514 1275 1527 1295 ‚

235 1313 277 1338 ut
293 1302 447 1352 satiaret
458 1299 498 1352 se
519 1301 656 1338 tandem
673 1317 732 1349 eo,
749 1305 842 1354 quod
859 1304 1016 1355 infinitis
1036 1308 1150 1350 modis
1163 1307 1296 1359 fitfft.
1324 1308 1410 1347 Erat
1425 1309 1530 1349 enim

235 1362 568 1414 appetentissimus
599 1364 770 1413 pecuniae
787 1396 797 1412 ,
822 1379 1053 1417 quamquam
1079 1376 1204 1408 tantas
1228 1369 1386 1409 haberet
1413 1384 1528 1421 opes,

233 1434 279 1466 ut
303 1439 392 1465 eum
419 1439 489 1476 pro
525 1439 693 1477 paupere
722 1426 982 1477 miseraretur,
1016 1431 1076 1483 qui
1110 1447 1155 1469 ex
1181 1433 1262 1484 suis
1288 1433 1531 1485 facultatibus

231 1491 419 1528 exercitum
449 1489 537 1528 alere
565 1506 634 1529 non
656 1491 777 1544 poffit.
811 1493 886 1532 Hic
906 1493 980 1533 fuit
1007 1507 1125 1545 opum
1159 1498 1193 1536 &
1216 1498 1424 1547 potentiae,
1448 1507 1527 1539 tam

232 1552 424 1593 laboriose
451 1555 486 1593 ἃ
512 1555 691 1604 nequiter
713 1565 970 1606 comparatae,
995 1556 1121 1597 Craffo
1159 1559 1341 1599 terminus
1364 1574 1373 1600 ;
1417 1562 1525 1610 cujus

234 1617 352 1655 etiam
377 1615 575 1663 interitus,
599 1624 780 1667 tanquam
804 1627 977 1667 remoto,
992 1632 1106 1670 quem
1135 1621 1252 1660 ambo
1274 1621 1528 1672 respicerent,

230 1677 357 1717 socios
379 1678 591 1727 tyrannidis
614 1679 710 1717 inter
738 1679 774 1719 se
800 1681 1013 1730 commifit,
1041 1691 1084 1721 ut
1115 1685 1150 1723 δε
1172 1682 1244 1723 hos
1270 1683 1383 1723 velox
1408 1697 1525 1735 poena

230 1739 607 1789 comprehenderet,
635 1743 670 1781 &
689 1751 763 1781 tres
790 1751 973 1783 terrarum
997 1754 1142 1794 partes,
1166 1745 1313 1785 Crassus
1344 1747 1385 1784 in
1412 1746 1492 1786 Assa
1508 1776 1520 1795 ‚

192 1842 196 1847 Α
227 1800 503 1849 Ροη]ρ<τ]”υε’,ἱη
535 1802 687 1850 Africa,
719 1803 838 1852 Caeifat
868 1805 907 1843 in
934 1805 1085 1856 Europa
1112 1806 1324 1854 interfecti,
1355 1819 1425 1856 pro
1451 1807 1523 1845 im-

229 1863 361 1913 perio,
394 1864 500 1912 quod
538 1874 667 1902 contra
701 1865 758 1903 fas
785 1867 913 1916 partiti
949 1866 1124 1916 fuerant,
1164 1868 1445 1916 cadaveribus,
1483 1871 1520 1908 ἅτ

230 1923 294 1961 vix
333 1922 540 1974 sepulcris,
591 1924 819 1965 obtinerent.
866 1927 939 1966 Sed
984 1941 1107 1979 neque
1146 1927 1290 1968 Parthis
1329 1929 1520 1978 impunita

228 1984 390 2035 perfidia
417 1987 451 2024 δε
477 1985 680 2025 crudelitas
707 1986 791 2025 fuit.
819 1988 1002 2027 Surenam
1023 1989 1138 2039 paulo
1164 1990 1247 2040 post
1270 1990 1412 2028 invidia
1435 1989 1518 2039 glo-

226 2048 293 2087 1]ae
323 2048 404 2095 ejus
435 2047 585 2086 Orodes
619 2049 834 2095 interemit:
873 2051 1023 2092 Orodes
1041 2054 1276 2104 procedente
1298 2062 1472 2105 tempore
1495 2066 1518 2093 a

227 2107 389 2149 Phraate
415 2108 493 2148 filio
522 2111 574 2149 est
600 2111 779 2151 sublatus.

277 2215 298 2258 5
322 2216 443 2249 LVIII.
469 2218 616 2261 Appian.
640 2217 727 2250 Pint.
749 2219 770 2262 §
796 2218 882 2255 LIX.
902 2221 1094 2258 Marcellin.
1121 2233 1181 2265 24,
1198 2235 1230 2264 5.
1252 2222 1339 2257 Plut.
1360 2223 1508 2268 Appian-

230 2259 348 2296 lustin.
373 2274 409 2304 4¹
429 2285 438 2294 .
455 2273 487 2297 2.
518 2264 659 2296 wodor.
683 2264 771 2297 Flor.
804 2279 842 2306 ⁴.
868 2275 896 2297 τ.

701 2414 1025 2429 -σ--ι-ῄ
