1675 2959
300 68 386 149 ’ξδ’
463 96 560 143 50.
590 70 1103 143 'FaaiNSHEMM
1137 96 1483 158 SUPRLEM.

290 197 396 243 Nam
432 200 626 251 Illyricum
662 199 899 251 Galliamque
929 200 1182 252 Cisalpinam,
1219 217 1335 254 quam
1366 217 1414 246 ex
1443 202 1579 244 omnia

294 263 366 302 bus
389 262 596 313 provinciis
626 261 815 313 elegerat„
851 262 981 301 socero
1015 276 1232 316 generoque
1256 265 1576 317 suffragantibus,

294 337 381 364 cum
411 323 626 374 legionibus
663 323 785 361 tribus
820 322 860 360 in
897 324 1202 373 quinquennium
1232 328 1381 378 accepit
1410 329 1578 378 rogatio·

293 400 344 426 ne
362 386 539 425 Vatinia:
572 397 661 422 mox
687 392 818 433 quarta
838 383 964 434 legio,
989 387 1025 424 ὁὶ
1051 399 1133 436 quae
1156 398 1258 427 trans
1282 388 1397 439 Alpes
1417 389 1468 428 est
1491 387 1580 429 Gal-

294 448 370 497 lia,
393 445 720 487 senatusconsulto
746 446 911 486 acceffit.
952 447 1190 487 Verebantur
1210 450 1313 489 enim
1339 451 1484 500 Patres,
1505 463 1578 499 ne³

294 511 566 551 cunctantibus
595 509 705 560 iplis,
742 512 777 550 δε
806 504 908 551 hanc
929 511 1096 562 populus
1120 512 1251 560 daret,
1280 514 1345 563 qui
1367 516 1447 563 jam
1480 527 1579 554 con-

240 604 245 607 *
291 584 351 615 tra
378 574 503 623 legem
529 573 796 623 Semproniam
822 575 917 659 juris
948 573 1063 623 hujus
1088 573 1374 626 usurpationem
1409 578 1580 627 primam

232 640 235 642 ’
294 635 515 687 gustaverat.

360 694 520 736 XCVII.
554 694 690 743 Neque
729 654 978 736 diflimulavit
1009 696 1125 746 hujus
1162 698 1327 738 vietoriae
1363 698 1580 749 gaudium,

296 755 506 810 paucisque
538 755 746 804 interjectis
781 756 943 799 diebus.
975 757 1167 808 frequenti
1197 760 1328 807 curia,
1362 760 1513 799 omnium
1541 761 1585 813 [ὲ

295 821 474 874 capitibus
498 818 678 870 illufitrum
700 816 879 867 jaetavit:
905 833 948 859 ac
977 833 1142 870 negante
1167 822 1369 872 quopiam,
1385 823 1498 874 facile
1517 824 1582 861 hoc

297 883 365 920 ulli
381 881 525 934 feminae
542 879 646 931 fhre;
670 880 888 930 respondit,
906 882 943 932 ist
963 882 1113 933 Aſjj‘ria
1141 896 1272 934 quoque
1298 883 1447 935 regmffl
1468 883 1585 927 Semi*

296 945 431 989 tamin,
457 941 491 979 ἃ)
507 957 670 994 magnam
695 944 790 994 Afiae
806 954 940 993 partem
960 943 1043 980 olim
1059 942 1208 995 parmffe
1229 945 1485 996 Amazonibus.
1509 944 1586 984 Ne-

297 1019 374 1056 que
401 1014 602 1044 contentus
628 1005 850 1045 domesticis
877 1005 1082 1055 praesidiis,
1107 1019 1221 1056 regna
1243 1005 1434 1044 sociorum
1459 1005 1584 1045 omni-

300 1067 372 1108 bus
404 1067 531 1107 modis
568 1067 711 1106 studuit
740 1067 975 1117 adjungere,
1010 1068 1239 1107 Ariovistum
1273 1068 1483 1108 suevorum
1521 1081 1587 1106 re·

301 1143 415 1182 gem,
442 1130 612 1180 itemque
634 1127 907 1176 Ptolemaeum,
934 1129 996 1167 cui
1020 1130 1055 1168 ἃ
1078 1141 1257 1179 magnam
1293 1130 1466 1179 pecuniae
1487 1129 1588 1168 sum-

303 1205 410 1232 mam
441 1192 656 1230 crediderat
669 1205 685 1240 ‚·
706 1193 842 1245 socium
868 1193 903 1230 6»
931 1191 1077 1229 amicum
1103 1189 1404 1241 appellandum,
1436 1193 1473 1230 Sc
1500 1192 1587 1242 Iege

304 1257 341 1296 ἅ
360 1253 710 1302 senatusconsulto,
737 1253 940 1303 foedusque
975 1266 1061 1292 cum
1091 1266 1138 1294 eo
1171 1255 1210 1293 in
1241 1253 1431 1305 Capitolio
1451 1255 1587 1294 ferien-

305 1318 398 1356 dum
431 1316 587 1355 curavit.
618 1315 721 1355 Inter
750 1315 832 1355 haec
853 1315 1029 1356 consules
1061 1316 1244 1366 delignati
1275 1315 1384 1365 sunt,
1419 1317 1474 1356 uti
1497 1329 1590 1356 con-

305 1388 488 1428 venerat,
518 1379 559 1419 L.
586 1378 695 1426 Piso,
725 1381 765 1419 A.
791 1379 986 1419 Gabinius.
1027 1378 1254 1419 Gabinium·
1277 1380 1327 1419 de
1358 1381 1504 1420 ambitu
1531 1382 1592 1420 in-

304 1449 497 1491 terrogare
529 1441 571 1480 C.
597 1440 694 1480 Cato
721 1440 941 1480 adolescens
973 1441 1165 1492 cupiebat.
1202 1442 1279 1482 Sed
1307 1454 1397 1482 cum
1430 1456 1497 1494 per
1524 1442 1594 1482 ali-

307 1512 404 1552 quot
437 1503 517 1541 dies
547 1503 700 1553 copiam
731 1501 785 1541 sui
818 1514 996 1553 praetores
1024 1517 1103 1542 non
1137 1503 1330 1553 facerent,
1359 1505 1397 1543 in
1434 1506 1591 1544 concio-

307 1579 399 1605 nem
421 1564 593 1604 ascendit
624 1565 746 1613 Cato,
782 1566 817 1604 &
848 1565 1074 1615 Pompejum
1102 1565 1270 1614 privatus
1305 1566 1500 1605 diffltorcm
1524 1579 1593 1616 ap·

309 1627 481 1679 pellavit.
519 1627 633 1667 Unde
664 1639 824 1677 magnus
850 1638 1003 1666 exortus
1032 1626 1222 1666 tumultus
1250 1626 1326 1675 est,
1362 1627 1593 1678 propiusque

308 1689 406 1730 nihil
433 1689 577 1728 fae'tum
593 1719 604 1736 ‚
638 1699 753 1738 quam
778 1699 821 1727 ut
845 1688 965 1729 homo
990 1688 1208 1728 temerarius
1236 1692 1270 1729 ἃ
1303 1689 1445 1728 nullius
1468 1690 1593 1729 confi-

306 1750 349 1791 lii
375 1751 624 1789 occideretur.

367 1810 548 1850 XCVIII.
572 1811 646 1851 Sed
674 1812 838 1850 acriores
859 1812 928 1852 sub
951 1813 1055 1852 idem
1083 1821 1236 1864 tempus
1261 1811 1391 1852 turbas
1414 1813 1594 1853 excitavit

313 1871 354 1912 L.
369 1872 543 1920 Vettius,
563 1872 790 1913 Catilinariae
805 1875 1080 1924 conjurationis
1101 1876 1216 1914 index
1232 1907 1242 1923 ‚
1258 1875 1320 1925 qui
1333 1906 1345 1921 ‚
1364 1875 1595 1914 subornatus

316 1948 336 1973 a
355 1933 524 1982 Caesare‚
548 1935 779 1987 sbllicitatum
799 1937 840 1989 fi
869 1952 891 1973 a
916 1936 1119 1989 quibusdam
1145 1938 1186 1975 de
1207 1935 1383 1988 inftremla
1408 1937 1468 1976 Cn.
1487 1937 1593 1976 Poma·

307 1997 391 2049 pejo
409 1996 446 2034 ἐν
469 1999 505 2038 C.
531 1998 658 2050 Caesari
679 2013 777 2045 nece,
806 1999 972 2038 dicebat.
1011 2000 1061 2040 Ea
1081 1999 1211 2039 fabula
1236 2000 1430 2051 aliquanto
1460 2000 1597 2049 aliter,

314 2070 429 2108 quam
459 2067 592 2099 ornata
621 2060 848 2110 putabatur,
877 2064 958 2101 aeta
983 2063 1044 2102 est.
1091 2063 1240 2103 Vettius
1270 2066 1374 2104 enim
1407 2077 1495 2103 cum
1524 2077 1594 2115 pu-

319 2119 459 2169 gione,
478 2119 649 2170 servique
677 2125 759 2171 ejus
789 2134 878 2161 cum
911 2123 994 2163 telis
1029 2125 1067 2165 in
1093 2125 1178 2165 foro
1213 2126 1476 2177 deprehendi,
1502 2137 1596 2165 mox

318 2181 465 2221 Vettius
495 2183 682 2222 indicium
715 2186 885 2235 profiteri
910 2186 1104 2228 debuerat.
1141 2188 1216 2228 Sed
1243 2188 1329 2235 ille,
1358 2201 1433 2238 quo
1459 2188 1598 2227 Curio-

321 2255 410 2283 nem
446 2243 729 2286 adolescentem
756 2248 794 2286 in
819 2247 1071 2299 suspicionem
1102 2250 1335 2298 adduceret,
1365 2249 1598 2289 familiarita-

375 2363 396 2407 ς
432 2362 554 2396 XCVI.
589 2365 720 2407 Appian
758 2364 899 2398 Diodor.
935 2368 1007 2402 Cic.
1042 2367 1081 2401 ad
1109 2368 1213 2401 Attic.
1239 2367 1379 2401 Sueton.
1411 2367 1433 2412 S
1460 2367 1603 2403 XCVII.

328 2400 452 2451 Vellei.
476 2420 514 2450 2,
537 2420 593 2451 44.
611 2408 753 2443 Diodor.
775 2409 922 2455 Appiam.
