1675 2959
254 163 345 232 328
412 165 505 213 JO.
543 162 1046 211 FREINSHEMII
1089 164 1449 213 SUPPLEM.'

256 274 443 323 &viginti
467 286 487 312 a
512 273 637 311 castris
661 273 858 321 deportat.
881 270 1013 320 ibique
1037 270 1203 310 militum
1225 271 1354 322 aliquo
1375 284 1536 312 numero

256 338 442 385 trajeero,
477 329 740 374 continentem
767 336 858 383 ripae
886 332 1026 372 collem
1049 335 1286 383 communit,
1317 334 1536 403 priusquam

252 397 451 437 adversarii
474 409 553 436 rem
579 395 864 447 cognoscerent.

310 459 426 500 XIX.
456 460 511 499 Eo
538 458 666 508 postea
702 456 913 495 transducit
946 456 1166 507 legionem,
1199 460 1236 498 δε
1265 466 1424 509 utraque
1456 459 1538 508 ripa

254 522 427 572 potitus,
461 531 621 571 pontem
647 520 723 557 fine
749 518 922 557 molestia
945 519 1092 568 perficit
1117 519 1249 559 biduo.
1278 521 1340 560 Sic
1373 521 1422 560 ad
1447 532 1536 559 eum

254 582 506 632 perveniunt,
530 581 597 630 qui
622 592 668 618 ex
684 578 832 619 Gallico
859 581 1045 619 comitatu
1070 578 1288 628 evaserant,
1307 581 1444 631 quique
1464 580 1540 619 fru-

256 643 459 682 mentandi
481 641 592 680 causa
615 641 774 690 profecti
794 653 841 679 ex
859 640 1046 690 prioribus
1065 641 1189 680 castris
1211 641 1372 680 fuerant.
1392 642 1541 681 Eodem

253 703 320 741 die
348 701 568 741 transmittit
590 703 759 751 equites;
782 703 817 740 ἅ
839 713 904 750 per
929 700 1000 740 hos
1026 703 1235 740 maximam
1260 701 1463 742 hominum
1484 704 1543 751 ju-

256 773 557 815 mentorumque
587 763 901 810 multitudinem,
937 776 1020 812 quae
1049 763 1274 813 pabulatum
1299 763 1440 814 egressa
1462 763 1545 802 fue-

257 835 317 864 rat
331 857 342 874 ,
357 826 572 876 intercipit3
600 826 637 865 &
663 824 712 863 de
737 824 889 863 cetratis
908 823 1156 871 cohortibus,
1179 837 1261 875 quae
1281 825 1448 864 subfidio
1468 824 1544 864 suis

256 898 440 928 venerant
455 918 466 935 ,
487 901 601 927 unam
623 886 774 937 longius
799 898 1088 936 procurrentem
1104 917 1115 935 ‚
1135 887 1298 928 secludit
1314 902 1335 927 a
1354 888 1509 938 reliquis
1525 919 1540 935 ‚

260 957 376 1000 atque
401 949 516 989 delet.
533 950 590 990 Ita
609 962 665 988 res
685 948 933 987 frumentaria
950 949 1129 999 privatim
1151 951 1369 1000 expeditur.
1396 950 1544 990 Eodem

261 1019 438 1060 'tempore
465 1011 511 1051 D.
544 1011 682 1051 Brutus
710 1009 958 1050 Massilienses
984 1010 1111 1050 navali
1148 1012 1284 1061 proelio
1311 1012 1416 1051 vicit.
1447 1011 1546 1051 Lon-

263 1086 331 1124 gas
360 1073 416 1112 illi
438 1073 652 1114 habuerant
684 1073 986 1123 septemdecim,
1018 1086 1039 1111 e
1068 1072 1206 1122 quibus
1235 1084 1340 1111 erant
1364 1073 1546 1112 undecim

260 1136 383 1173 tecffae.
408 1134 478 1174 His
505 1133 706 1183 complura
734 1134 880 1172 minora
900 1133 1052 1183 navigia
1075 1134 1331 1179 addiderant,
1358 1143 1544 1172 terrorem

259 1196 340 1246 ipsa
369 1195 494 1246 specie
525 1195 782 1235 multitudinis
809 1193 964 1233 illaturi.
1002 1194 1128 1234 Inerat
1153 1206 1314 1244 magnus
1337 1193 1546 1244 sagittario-

260 1273 347 1301 rum
380 1273 581 1308 numerus,
617 1272 780 1310 magmffi
816 1259 1071 1307 Albicorum,
1105 1261 1170 1309 qui
1196 1259 1307 1309 supra
1344 1257 1547 1298 Massiliam

261 1323 465 1373 incolunt,
491 1332 718 1363 montanum
751 1324 967 1373 durumque
990 1335 1134 1373 geum,
1166 1325 1203 1363 <Sc
1230 1322 1481 1361 exercitatum
1505 1321 1547 1361 in

264 1387 391 1426 armis.
422 1389 519 1428 Suos
546 1400 700 1437 quoque
724 1386 849 1426 servos
874 1388 909 1427 ὁὶ
935 1386 1100 1437 pastores
1129 1386 1170 1426 L.
1198 1385 1392 1426 Domitius
1414 1385 1453 1422 in
1479 1397 1549 1422 na-

264 1461 331 1487 ves
352 1447 605 1500 imposuerat,
623 1450 663 1500 fi
684 1449 766 1487 bene
793 1450 829 1491 δ’
852 1448 1015 1502 gnaviter
1031 1448 1077 1500 se
1090 1460 1262 1500 gererent,
1278 1448 1433 1485 libertate
1453 1457 1550 1496 pro-

264 1509 386 1550 miss‘a.

323 1573 417 1613 XX.
453 1572 592 1612 Brutus
617 1572 815 1623 pauciores
842 1571 999 1622 quidem
1028 1582 1142 1609 naves
1168 1568 1356 1616 ducebat,
1387 1567 1452 1607 sed
1482 1567 1550 1606 fir-

265 1633 405 1673 miores
419 1664 431 1682 ,
452 1633 600 1673 deledto
621 1633 787 1672 virorum
811 1633 948 1672 robore
969 1631 1143 1682 repletas.
1173 1631 1316 1680 quippe
1333 1629 1452 1669 Caesar
1475 1629 1552 1668 for-

265 1697 425 1737 tissimos
450 1711 499 1737 ex
531 1698 781 1749 antesignanis
810 1697 1033 1748 legionum,
1064 1695 1103 1734 id
1131 1695 1299 1732 muneris
1326 1693 1552 1744 poscentes,

266 1763 308 1801 in
323 1761 474 1800 classem
498 1761 740 1812 imposuerat.
760 1761 878 1810 igitur
895 1759 957 1807 hi,
979 1758 1107 1798 virtuti
1126 1756 1364 1796 confidentes
1377 1787 1388 1804 ,
1407 1758 1441 1796 δι
1461 1757 1550 1806 quia

266 1823 463 1863 celeritate
487 1824 641 1863 navium
673 1826 708 1863 &
738 1833 816 1862 arte
845 1822 1144 1872 gubernatorum
1173 1818 1445 1866 vincebantur,
1473 1832 1553 1874 nia-

266 1884 372 1923 nicas
397 1885 433 1924 &
459 1897 578 1923 uncos
604 1894 864 1935 praepararunt
880 1913 890 1930 ,
916 1881 1054 1932 quibus
1084 1881 1249 1920 hostium
1279 1893 1392 1919 naves
1416 1880 1550 1918 retine-

264 1956 362 1986 rent.
391 1946 678 1986 Maihliensium
699 1960 742 1985 ea
767 1947 864 1985 ratio
887 1946 984 1992 fuit,
1007 1954 1076 1991 ut,
1104 1943 1230 1982 donec
1250 1941 1410 1990 liceret,
1435 1942 1551 1980 mari-

265 2008 368 2047 timis
395 2007 536 2047 artibus
567 2017 787 2055 uterentur-3
820 2005 969 2056 quotie-s
1009 2003 1228 2054 deprehensi
1260 2002 1401 2050 essent,
1435 2002 1550 2041 armis

265 2079 540 2107 montanorum
569 2068 750 2115 fiderent,
781 2068 846 2117 qui
881 2080 958 2106 non
985 2065 1153 2105 multum
1189 2064 1386 2103 inferiores
1410 2063 1551 2103 Roma-

267 2131 328 2168 nis
352 2140 470 2169 erant.
506 2129 624 2180 Igitur
653 2130 734 2181 post
762 2141 885 2167 acrem
914 2141 1080 2179 pugnam
1100 2159 1111 2176 ‚
1138 2139 1223 2165 cum
1253 2124 1404 2176 lingula:
1427 2125 1550 2162 ferme

269 2192 453 2235 Romanae
476 2205 610 2239 naves,
631 2192 729 2231 binis
754 2191 953 2230 hostilibus
977 2188 1166 2240 preheiitis
1182 2189 1245 2234 ,in
1267 2198 1471 2236 utrumque
1496 2185 1551 2224 la-

266 2260 329 2294 tus
359 2253 604 2300 dwnicarent3
630 2253 694 2292 hic
716 2266 853 2304 pugna:
877 2254 949 2292 fuit
975 2253 1121 2298 exitus,
1144 2260 1207 2298 ut,
1232 2262 1371 2299 magno
1399 2247 1553 2288 Albico-

266 2329 352 2358 rum
379 2318 415 2355 ὁὶ
436 2315 624 2366 pastorum
651 2316 782 2354 amislo
810 2328 996 2362 numero,
1033 2313 1322 2354 Massilicnsium
1348 2324 1461 2350 naves
1484 2323 1551 2351 ca-

267 2386 471 2429 merentur
493 2385 558 2417 aut
589 2378 891 2427 deprimerentur
910 2389 1061 2415 novem
1100 2377 1159 2416 Ne
1165 2375 1261 2422 scio,
1282 2387 1330 2413 an
1357 2373 1424 2412 isto
1451 2385 1551 2423 proe-

315 2484 338 2536 ᾗ
364 2484 493 2525 ΧΥΙΠι
516 2486 605 2523 Plut.
631 2484 664 2518 in
687 2482 772 2518 Caes·
793 2495 823 2517 c.
845 2493 900 2524 54.
921 2482 1002 2516 Dio.
1032 2481 1115 2516 Caes.
1143 2481 1164 2526 S
1190 2480 1286 2517 xlx.
1307 2479 1391 2516 Caes.
1410 2479 1493 2517 Dio.

1649 99 1654 111 -
1635 0 1656 73 ἴλη-ι

1663 1119 1675 1339 ΝΜ».
