1675 2959
237 120 328 157 100
395 108 486 155 JO.
522 104 1023 178 rstssrnsHEMrr
1059 104 1448 176 SUPPLEM„

228 215 280 255 ad
310 212 519 253 tumultum
544 213 806 252 concurrentis
829 212 962 263 populi
989 213 1164 254 celeriter
1192 222 1448 261 convenerat,
1477 219 1521 252 ut

226 278 370 328 gratias
398 277 432 314 ei
453 288 519 325 per
546 275 746 325 primarios
775 282 924 324 ageret,
955 276 1198 326 accitumque
1223 277 1262 315 in
1290 276 1459 323 curiam,
1481 276 1519 314 Sc

231 337 458 389 gravissimis
483 337 603 376 verbis
624 335 886 375 collaudatum
902 366 913 385 ‚
937 337 1096 377 inducito
1126 338 1251 388 priore
1273 340 1452 385 decreto,
1478 339 1520 376 in

228 402 422 451 integrum
447 400 671 438 restitueret.
715 398 862 439 Eadem
892 398 1028 439 lenitas
1061 413 1148 451 erga
1174 400 1382 441 Metellum
1413 399 1525 439 adhi-

228 462 335 510 bita,
368 475 446 500 non
476 471 555 500 tam
592 460 728 511 sponte
759 460 936 510 senatus,
969 475 1084 512 quam
1119 463 1277 502 Catonis
1315 463 1522 513 precibus,

228 524 296 574 qui
323 536 394 562 nec
423 522 602 562 insultare
635 524 737 562 viclo
760 524 920 563 inimico
951 525 1159 575 cupiebat,
1193 538 1265 564 nec
1292 525 1383 565 utile
1406 533 1522 576 puta-

225 585 294 626 ba.:
313 586 456 624 irritare
476 585 714 635 Pompejum.
749 585 794 624 Et
813 585 1021 634 Metellus,
1049 587 1095 625 iis
1126 586 1239 626 rebus
1267 587 1432 633 auditis‘,
1457 599 1521 626 ea-

231 647 321 685 dem
353 645 535 691 levitate,
567 657 641 694 qua
671 644 720 684 ad
757 646 984 695 Pompejum
1019 660 1067 686 ex
1096 647 1190 688 urbe
1219 658 1460 696 cucurrerat,
1500 662 1523 688 a

228 709 417 758 Pompejo
432 708 473 746 in
495 707 627 746 urbem
645 707 770 747 rediit.
792 708 998 758 pompejus
1018 711 1184 759 interea,
1202 712 1416 750 constitutis
1433 711 1530 751 Aliae.>

228 769 343 808 rebus
358 799 368 816 ,
386 777 519 818 praeter
534 766 629 815 alia,
651 781 733 818 quae
757 769 914 808 dederat
938 771 1101 819 amicis,
1116 771 1289 820 praemia,
1314 771 1526 811 Mithrida-

229 831 354 876 tium,
384 829 488 877 quod
506 828 653 867 Pontici
682 829 773 878 juris
803 829 951 878 fuerat,
968 830 1246 876 Brogodiatoro
1263 859 1274 877 ‚
1300 830 1525 871 Galatarum

231 891 491 932 Trocmorum
520 890 719 927 tetrarchae
753 889 885 937 dedit,
924 888 989 938 qui
1023 889 1198 940 DeJ‘otari
1234 892 1352 932 filiam
1376 894 1417 933 in
1444 907 1526 935 ma-

233 954 420 992 trimonio
448 951 629 990 habebat.

287 1013 402 1052 XXI.
425 1012 691 1060 Eupatoriam,
720 1023 797 1049 non
812 1023 919 1060 eam,
935 1025 1019 1062 quae
1042 1017 1248 1065 conjunc'ta
1273 1017 1350 1056 fuit
1371 1018 1529 1065 Amiso,
1551 1019 1553 1024 '

231 1073 299 1113 sed
333 1074 398 1112 ubi
427 1073 548 1124 Lycus
579 1074 614 1111 δι
641 1071 709 1111 Iris
735 1071 841 1110 fluvii
871 1072 1099 1122 miscentur,
1129 1076 1226 1114 dirui
1249 1089 1270 1114 a
1294 1076 1526 1116 Mithridate

234 1146 434 1187 coeptam,
465 1134 571 1185 quod
606 1134 805 1173 Romanos
841 1134 1062 1184 recepisset,
1095 1136 1259 1185 refecit,
1295 1137 1530 1188 appellavit-

236 1212 312 1248 que
339 1211 385 1236 ex
420 1196 486 1235 suo
525 1205 786 1247 cognomento
820 1196 1088 1247 magnopolim.
1133 1198 1269 1238 Cabira
1304 1212 1457 1250 quoque
1485 1200 1527 1238 in

233 1259 341 1298 urbis
378 1259 545 1297 formam
582 1258 793 1305 adornata,
835 1259 1030 1312 Diospolin
1063 1261 1191 1310 postea
1227 1263 1356 1301 vocari
1395 1262 1532 1302 voluit.

234 1320 311 1360 Sed
338 1321 372 1359 Sc
397 1318 512 1357 aliam
547 1318 820 1368 Eupatoriam,
852 1332 935 1368 quae
967 1319 1041 1358 fuit
1075 1320 1200 1360 Amiso
1227 1316 1387 1371 juncta,
1419 1321 1528 1362 simul

238 1396 328 1422 cum
353 1382 488 1421 eadem
518 1380 648 1421 Amiso
675 1380 802 1420 vocari
828 1381 1096 1436 Ponzpejopolin
1122 1384 1236 1432 juffit.
1267 1384 1334 1424 Per
1359 1387 1529 1426 eundem

235 1446 456 1486 Phazemon
491 1445 597 1484 vicus
632 1445 722 1484 urbs
750 1443 912 1493 effecta,
951 1457 1212 1496 cognomento
1240 1450 1429 1498 Neapolzs.
1465 1462 1529 1489 ca-

235 1505 342 1546 stella
370 1508 514 1545 circum
545 1506 719 1554 dejecta,
757 1505 963 1556 praesertim
991 1521 1073 1557 quae
1102 1509 1168 1548 fita
1206 1509 1245 1547 in
1276 1510 1390 1549 editis
1423 1513 1527 1562 jugis

236 1578 369 1618 erant3
391 1583 440 1609 ne
461 1569 686 1620 praedonum
702 1569 942 1620 receptacula
961 1570 1116 1611 fierent:
1142 1573 1246 1622 putei
1272 1586 1447 1623 quoque,
1461 1575 1528 1625 qui

233 1632 408 1679 inerant,
439 1631 619 1670 obturati.
656 1631 716 1670 Ad
749 1631 927 1670 Amniam
955 1631 1091 1671 itidem
1127 1633 1307 1681 fluvium,
1338 1634 1404 1673 ubi
1434 1635 1528 1674 victi

237 1707 260 1734 a
284 1693 521 1735 Mithridatis
547 1691 712 1732 ducibus
730 1692 885 1743 Bithyni
911 1693 1086 1741 fuerant,
1114 1694 1408 1744 Pompejopolin
1433 1708 1526 1734 con-

240 1756 351 1795 didit.
383 1754 543 1795 Interim
574 1762 616 1793 ut
639 1754 718 1793 otio
744 1753 951 1793 liberaliter
984 1764 1175 1804 uteretur,
1207 1756 1393 1796 Rhodum
1421 1758 1530 1796 navi-

240 1817 344 1869 gavit
374 1816 564 1857 Polidonii
595 1816 731 1864 causa,
766 1830 879 1866 quem
913 1817 1103 1867 sapientiae
1137 1819 1383 1869 professbrem
1409 1820 1529 1859 etiam

239 1880 484 1931 proficiscens
523 1880 571 1919 ad
606 1879 810 1930 piraticum
851 1879 993 1920 bellum
1036 1881 1262 1929 audiverat,
1302 1891 1530 1932 tantumque

241 1942 371 1981 studiis
401 1941 588 1993 honorem
619 1942 758 1980 detulit
790 1942 956 1982 Orientis
990 1943 1288 1993 Occidentisque
1316 1945 1456 1992 victor,
1487 1953 1531 1983 ut

241 2003 452 2043 intraturus
487 2005 648 2043 domum
674 2005 756 2053 ejus
775 2004 922 2055 percuti
951 2017 998 2043 ex
1019 2017 1125 2043 more
1145 2005 1246 2044 fores
1269 2018 1289 2044 a
1310 2004 1445 2044 lictore
1469 2018 1538 2045 ve-

244 2073 356 2105 taret.

297 2127 432 2167 XXII.
463 2128 533 2168 His
562 2142 628 2179 per
654 2129 820 2168 hiemem
849 2129 981 2180 gestis,
1017 2130 1232 2170 decessurus
1261 2144 1309 2170 ex
1338 2131 1442 2180 Afia,
1475 2132 1531 2171 vi-

244 2187 350 2228 ritim
385 2189 568 2229 militibus
608 2191 799 2230 distribuit
828 2191 1004 2231 denarios
1026 2190 1205 2230 millenos
1233 2193 1467 2242 quingenos,
1493 2195 1531 2232 δε

247 2261 316 2298 pro
346 2250 524 2299 portione
550 2250 839 2290 centurionibus
860 2254 893 2291 δε
921 2252 1050 2302 equiti.
1077 2254 1229 2290 Sedecim
1252 2253 1363 2290 millia
1383 2254 1530 2291 talento-

292 2366 313 2410 §
341 2367 571 2409 XX.P1'1n.7
587 2368 1528 2412 30.D·m‹10r.1.37.llut.in1>0mp.c.-v1.Idem

247 2411 281 2445 in
306 2412 381 2445 Cat.
405 2412 426 2446 k
430 2413 537 2448 ethan.
561 2395 595 2447 ixi
622 2416 735 2448 Scaur.
768 2413 904 2458 §XXL
930 2414 1020 2447 llut.
1043 2416 1078 2446 in
1104 2415 1217 2459 lQomp
1239 2415 1310 2447 Cic.
1333 2414 1465 2447 Pediun.
