1675 2959
270 193 367 242 324
432 178 522 224 JO.
573 178 1075 226 FREINSHEMII
1112 180 1457 229 SUPPLEM.

272 285 433 325 bonium
455 285 642 324 obfidioni
671 284 860 336 praefecit,
884 285 925 323 in
948 285 1174 337 Hispaniam
1196 289 1455 339 profecturus,
1475 303 1552 341 quo

267 350 347 399 jam
377 348 420 388 C.
445 348 607 387 Fabium
633 348 802 397 legatum
827 360 916 386 cum
941 347 1158 399 legionibus
1186 351 1248 391 sex
1272 352 1513 403 praemiserat.

333 411 404 451 XI.
438 410 722 450 Massiliensium
748 410 893 449 fac'tum
916 422 1005 455 cum
1034 414 1069 451 ἃ
1091 425 1159 462 per
1178 413 1215 453 se
1236 413 1473 455 luculentum
1497 415 1553 455 es.

261 472 343 521 set,
374 474 408 512 &
436 483 556 521 propo
576 478 718 509 certam
738 470 844 520 spem
871 471 1035 518 faceret,
1063 473 1103 511 in
1124 474 1314 524 Hispaniis
1343 490 1413 527 pro
1440 477 1552 517 Pom-

261 537 355 586 pejo
381 533 454 572 esse
480 534 633 579 omnia,
661 532 751 582 quia
783 532 808 571 s1
834 532 940 572 secus
964 533 1073 583 esset,
1098 534 1278 575 homines
1304 540 1341 577 &
1373 539 1486 577 vieini
1513 541 1550 578 ὃς

263 596 467 644 diligentes
498 594 625 632 minus
659 594 780 632 animi
813 594 981 634 habituri
1020 596 1274 645 videbantur3
1309 599 1367 638 M.
1394 600 1552 649 Cicero,

259 658 347 710 post
384 657 540 706 longam
582 658 618 695 ὁὶ
649 656 857 706 ancipitem
890 657 1200 707 dubitationem,
1232 659 1284 698 ad
1319 659 1550 712 Pompeium

258 717 527 766 abnavigavit:
549 714 705 765 ejusque
728 716 950 766 exemplum
976 717 1043 757 alii
1065 719 1223 768 quidam
1246 718 1461 768 senatores,
1479 722 1549 771 qui

255 781 436 820 :nondum
460 778 691 818 excesserant
712 778 840 826 Italia,
867 779 985 818 secuti
1018 779 1117 821 sunt.
1155 781 1290 831 Itaque
1312 780 1372 820 his
1400 783 1450 821 ad
1480 795 1547 824 eos

256 842 473 891 adjunctis,
511 842 576 891 qui
604 850 692 879 ante
722 840 933 891 transgreffi
974 842 1153 890 fuerant,
1188 845 1310 893 major
1346 844 1386 882 in
1420 845 1547 885 castris

253 904 433 953 Pompeji
453 933 463 951 ,
486 915 599 952 quam
624 903 663 941 in
690 902 810 950 urbe,
836 902 978 954 species
999 904 1151 944 senatus
1177 914 1283 953 erat,
1311 908 1347 946 ἅ·
1372 907 1472 956 quafi
1497 908 1547 947 de

254 965 442 1005 sententia
471 964 623 1003 Parrum
648 963 768 1002 multa
799 964 1116 1005 decernebantur.
1146 979 1308 1016 quorum
1332 966 1429 1006 illud
1452 968 1546 1018 plu-

254 1030 400 1067 rimum
427 1027 566 1066 favoris
600 1026 779 1075 adjunxit
804 1027 1004 1076 partibus,
1029 1027 1156 1077 quod,
1184 1028 1373 1069 Catonem
1400 1030 1544 1079 secuti,

252 1094 365 1133 civem
393 1092 593 1128 Romanum
622 1102 846 1142 praeterquam
881 1091 920 1127 in
958 1089 1033 1128 acie
1067 1090 1229 1129 neminem
1260 1093 1402 1140 occidi,
1437 1106 1544 1144 neque

253 1156 419 1209 oppidum
440 1153 549 1191 ullum
562 1181 575 1199 ,
597 1153 692 1204 quod
707 1151 840 1204 populo
861 1152 1022 1189 Romano
1043 1163 1214 1203 pacatum
1235 1152 1335 1204 effer,
1358 1153 1464 1204 diripi
1483 1154 1544 1191 de-

251 1219 354 1264 bere,
381 1215 591 1253 sanxerant.
635 1212 865 1252 Ciceronem
902 1222 1030 1250 tamen
1057 1210 1157 1251 clam
1187 1213 1408 1263 corripuisse
1443 1213 1541 1253 Cato

253 1279 423 1326 dicitur,
454 1277 547 1329 quod
565 1287 685 1328 praeter
708 1272 928 1323 neceffi'tatem
957 1275 994 1310 in
1024 1273 1132 1326 castra
1160 1274 1328 1326 ventffet,
1353 1275 1439 1327 plus
1459 1290 1544 1327 pro..

243 1341 393 1395 futurus
420 1339 564 1391 patriae,
583 1337 621 1386 si
651 1337 797 1374 medium
820 1335 860 1386 se
894 1334 1032 1387 gffffit
1044 1351 1060 1383 ,-
1095 1335 1255 1373 idoneum
1289 1337 1543 1374 conciliatorem

249 1400 426 1440 habituris
444 1397 604 1451 partibus
621 1425 632 1444 ,
655 1397 928 1448 quandocunque
951 1396 1058 1433 redire
1082 1396 1132 1433 ad
1147 1397 1339 1447 sanitatem
1364 1395 1544 1448 coepzffcnt.

306 1463 399 1504 XII.
425 1461 527 1501 Inter
552 1458 634 1497 haec
658 1457 698 1498 C.
716 1458 876 1506 Fabius,
896 1457 1066 1496 adhibita
1089 1457 1282 1497 celeritate
1297 1489 1309 1505 ,
1327 1458 1548 1508 praesidium.

249 1528 294 1569 L.
321 1524 464 1567 Afranii
490 1535 539 1562 ex
568 1522 747 1573 Pyrenaeo
774 1521 868 1560 saltu
896 1520 1113 1570 deJecerat,
1144 1520 1369 1572 magnisque
1394 1522 1540 1560 itineri.

246 1591 323 1631 bus
350 1589 397 1628 ad
424 1586 635 1626 exercitum
658 1584 805 1624 Afranii
831 1583 1104 1623 contendebat.
1136 1583 1213 1623 Sed
1234 1583 1412 1622 Afranius
1440 1591 1539 1621 cete.

251 1653 360 1703 rique
386 1649 502 1700 legati
528 1649 696 1687 adventu
729 1646 883 1686 Vibullii
912 1645 1023 1693 Rufi,
1060 1646 1124 1696 qui
1153 1646 1276 1684 fuerat
1299 1658 1320 1684 a
1348 1645 1535 1694 Pompejo

248 1712 382 1753 missus
398 1742 408 1758 ‚
433 1711 483 1749 ita
506 1708 824 1759 composuerant,
844 1720 882 1745 ut
903 1707 1067 1759 Petrejus
1090 1722 1166 1745 cum
1179 1707 1338 1745 omnibus
1357 1706 1470 1757 copiis
1489 1706 1539 1743 ad

249 1774 446 1827 Afranium
457 1771 736 1825 proficifteretur‚
749 1770 861 1807 Varro
875 1783 949 1807 cum
963 1769 1100 1806 duabus
1116 1768 1309 1820 legionibus
1318 1767 1538 1819 Hispaniam

247 1837 438 1876 ulteriorem
458 1848 586 1872 omnem
607 1833 782 1871 obtineret.
805 1831 972 1880 PetreJ'us
994 1832 1030 1871 &
1049 1831 1241 1879 Afranius,
1256 1831 1431 1870 Asturum
1443 1830 1535 1869 Vet-

247 1907 460 1947 tonumque
491 1898 526 1935 ἃ
552 1894 831 1934 Celtiberorum
868 1894 1009 1933 coactis
1046 1892 1217 1941 auxiliis,
1244 1902 1534 1942 ceterarumque

249 1960 449 2011 gentium,
475 1970 557 2007 quae
586 1958 633 1995 ad
653 1957 854 1996 Oceanum
871 1954 1030 2001 colunt,
1062 1953 1224 1994 Ilerdam
1254 1953 1363 2008 (quae
1389 1952 1533 2002 hodie,

246 2022 381 2060 leviter
406 2017 632 2068 transpositis
660 2016 878 2063 elementis,
910 2015 1047 2055 Lerida
1074 2014 1260 2068 vocatur)
1290 2012 1377 2053 belli
1401 2013 1529 2052 sedem

249 2082 448 2131 deligunt,
475 2090 627 2129 propter
648 2078 977 2129 opportunitatem
1004 2076 1094 2116 loci.

303 2142 413 2182 XIII.
449 2142 602 2190 Quippe
627 2141 665 2177 in
697 2138 796 2177 colle
831 2138 986 2177 modico
1013 2137 1062 2176 ad
1085 2137 1248 2177 Sicorim
1275 2148 1429 2175 amnem
1462 2139 1551 2185 po-'

247 2204 339 2251 sita,
367 2213 524 2253 pontem
551 2201 745 2250 lapideum
773 2199 967 2246 habebat,
1000 2200 1231 2249 camposque
1260 2200 1360 2236 circa
1397 2206 1531 2246 paten-

247 2276 325 2316 tes,
347 2265 524 2306 &fertile
555 2264 690 2304 solum.
732 2265 816 2304 Nec
843 2263 958 2314 longe
984 2264 1124 2303 abinde
1154 2263 1276 2312 Cinga
1304 2261 1465 2310 fluvius,
1490 2261 1529 2299 in

294 2403 316 2446 ς
345 2402 385 2434 Χ.
414 2399 497 2432 Caes.
524 2399 605 2432 Dio.
637 2397 739 2430 Oros.
759 2397 804 2438 6,
831 2409 882 2437 15.
912 2398 987 2429 Liv.
1008 2397 1098 2440 Epit.
1123 2396 1144 2441 §
1167 2396 1226 2428 XI.
1251 2395 1325 2428 Cic.
1355 2396 1394 2427 ad
1420 2394 1526 2428 Attic.

252 2458 317 2486 ιο,
343 2458 389 2484 ¹4-
415 2446 500 2477 Ηυτ.
523 2446 556 2476 ἰη
576 2445 642 2476 Cic.
671 2456 699 2476 c.
722 2453 782 2484 53,
805 2442 839 2477 ὃ(
857 2443 972 2487 Pomp.
990 2453 1020 2479 c.
1045 2445 1117 2476 100.
1141 2442 1228 2477 [dem
1253 2442 1287 2473 in
1315 2439 1390 2473 Cat.
1415 2451 1443 2473 c.
1466 2439 1521 2480 78.

248 2490 330 2524 Dio.
354 2490 435 2523 Caes.
462 2489 578 2535 §XIL
608 2488 688 2522 Dio.
715 2487 801 2522 Caes.
