<?xml version="1.0" encoding="UTF-8"?>
<!DOCTYPE html PUBLIC "-//W3C//DTD XHTML 1.0 Transitional//EN"
    "http://www.w3.org/TR/xhtml1/DTD/xhtml1-transitional.dtd">
<html xmlns="http://www.w3.org/1999/xhtml" xml:lang="en" lang="en">
 <head>
  <title>
</title>
<meta http-equiv="Content-Type" content="text/html;charset=utf-8" />
  <meta name='ocr-system' content='tesseract 3.04.00' />
  <meta name='ocr-capabilities' content='ocr_page ocr_carea ocr_par ocr_line ocrx_word'/>
</head>
<body>
  <div class='ocr_page' id='page_1' title='image "./historiarumlibri10livyuoft_0198.png"; bbox 0 0 1675 2959; ppageno 0'>
   <div class='ocr_carea' id='block_1_1' title="bbox 214 144 1442 210">
    <p class='ocr_par' dir='ltr' id='par_1_1' title="bbox 214 144 1442 210">
     <span class='ocr_line' id='line_1_1' title="bbox 214 144 1442 210; baseline -0.002 -15"><span class='ocrx_word' id='word_1_1' title='bbox 214 153 310 210; x_wconf 83' lang='lat'>’172</span> <span class='ocrx_word' id='word_1_2' title='bbox 376 147 474 195; x_wconf 89' lang='lat' dir='ltr'>JO.</span> <span class='ocrx_word' id='word_1_3' title='bbox 511 145 1018 193; x_wconf 86' lang='lat' dir='ltr'>FREINSHEMII</span> <span class='ocrx_word' id='word_1_4' title='bbox 1053 144 1442 194; x_wconf 70' lang='lat' dir='ltr'>SUPPLEMs</span> 
     </span>
    </p>
   </div>
   <div class='ocr_carea' id='block_1_2' title="bbox 209 251 1514 2345">
    <p class='ocr_par' dir='ltr' id='par_1_2' title="bbox 209 251 1511 1104">
     <span class='ocr_line' id='line_1_2' title="bbox 217 251 1506 303; baseline -0.003 -9"><span class='ocrx_word' id='word_1_5' title='bbox 217 253 343 294; x_wconf 88' lang='lat' dir='ltr'>Gallia</span> <span class='ocrx_word' id='word_1_6' title='bbox 368 252 513 293; x_wconf 87' lang='lat' dir='ltr'>bellum</span> <span class='ocrx_word' id='word_1_7' title='bbox 537 252 684 292; x_wconf 86' lang='lat' dir='ltr'>habuit.</span> <span class='ocrx_word' id='word_1_8' title='bbox 707 252 911 303; x_wconf 81' lang='lat' dir='ltr'>Belgarum</span> <span class='ocrx_word' id='word_1_9' title='bbox 939 252 1097 302; x_wconf 87' lang='lat' dir='ltr'>populi,</span> <span class='ocrx_word' id='word_1_10' title='bbox 1120 253 1278 292; x_wconf 82' lang='lat' dir='ltr'>Rhemis</span> <span class='ocrx_word' id='word_1_11' title='bbox 1302 251 1506 303; x_wconf 56' lang='lat' dir='ltr'>exceptis,</span> 
     </span>
     <span class='ocr_line' id='line_1_3' title="bbox 217 313 1503 365; baseline -0.003 -10"><span class='ocrx_word' id='word_1_12' title='bbox 217 329 352 356; x_wconf 88' lang='lat' dir='ltr'>omnes</span> <span class='ocrx_word' id='word_1_13' title='bbox 375 317 688 365; x_wconf 84' lang='lat' dir='ltr'>conjuraverant,</span> <span class='ocrx_word' id='word_1_14' title='bbox 711 314 933 353; x_wconf 75' lang='lat' dir='ltr'>incredibili</span> <span class='ocrx_word' id='word_1_15' title='bbox 955 313 1163 354; x_wconf 87' lang='lat' dir='ltr'>hominum</span> <span class='ocrx_word' id='word_1_16' title='bbox 1180 314 1428 354; x_wconf 83' lang='lat' dir='ltr'>multitudine</span> <span class='ocrx_word' id='word_1_17' title='bbox 1442 325 1503 351; x_wconf 82' lang='lat' dir='ltr'>ar·-</span> 
     </span>
     <span class='ocr_line' id='line_1_4' title="bbox 214 372 1508 425; baseline -0.002 -11"><span class='ocrx_word' id='word_1_18' title='bbox 214 384 345 415; x_wconf 87' lang='lat' dir='ltr'>mata:</span> <span class='ocrx_word' id='word_1_19' title='bbox 371 376 511 425; x_wconf 86' lang='lat' dir='ltr'><strong>quippe</strong></span> <span class='ocrx_word' id='word_1_20' title='bbox 540 374 766 415; x_wconf 86' lang='lat' dir='ltr'>Bellovacos</span> <span class='ocrx_word' id='word_1_21' title='bbox 798 373 919 412; x_wconf 88' lang='lat' dir='ltr'>millia</span> <span class='ocrx_word' id='word_1_22' title='bbox 943 372 1141 424; x_wconf 80' lang='lat' dir='ltr'>sexaginta</span> <span class='ocrx_word' id='word_1_23' title='bbox 1167 375 1362 425; x_wconf 88' lang='lat' dir='ltr'>pollicitos</span> <span class='ocrx_word' id='word_1_24' title='bbox 1385 373 1508 414; x_wconf 73' lang='lat' dir='ltr'>Caesat</span> 
     </span>
     <span class='ocr_line' id='line_1_5' title="bbox 214 435 1505 490; baseline -0.001 -14"><span class='ocrx_word' id='word_1_25' title='bbox 214 438 294 490; x_wconf 88' lang='lat' dir='ltr'>ipse</span> <span class='ocrx_word' id='word_1_26' title='bbox 312 439 505 488; x_wconf 84' lang='lat' dir='ltr'>prodidit,</span> <span class='ocrx_word' id='word_1_27' title='bbox 521 437 798 487; x_wconf 81' lang='lat' dir='ltr'>quinquaginta</span> <span class='ocrx_word' id='word_1_28' title='bbox 814 435 1046 484; x_wconf 81' lang='lat' dir='ltr'>Suefliones,</span> <span class='ocrx_word' id='word_1_29' title='bbox 1061 438 1303 488; x_wconf 90' lang='lat' dir='ltr'>totidemque</span> <span class='ocrx_word' id='word_1_30' title='bbox 1316 436 1505 478; x_wconf 82' lang='lat' dir='ltr'>Nervios:</span> 
     </span>
     <span class='ocr_line' id='line_1_6' title="bbox 215 500 1509 550; baseline -0.002 -9"><span class='ocrx_word' id='word_1_31' title='bbox 215 512 256 541; x_wconf 86' lang='lat' dir='ltr'>at</span> <span class='ocrx_word' id='word_1_32' title='bbox 278 502 508 547; x_wconf 85' lang='lat' dir='ltr'>Ambianos,</span> <span class='ocrx_word' id='word_1_33' title='bbox 532 500 705 548; x_wconf 79' lang='lat' dir='ltr'>Caletes,</span> <span class='ocrx_word' id='word_1_34' title='bbox 723 501 953 550; x_wconf 81' lang='lat' dir='ltr'>Bajocass&#39;es,</span> <span class='ocrx_word' id='word_1_35' title='bbox 980 500 1210 540; x_wconf 77' lang='lat' dir='ltr'>Vellocaffes</span> <span class='ocrx_word' id='word_1_36' title='bbox 1239 505 1276 542; x_wconf 87' lang='lat'>&amp;</span> <span class='ocrx_word' id='word_1_37' title='bbox 1299 503 1509 541; x_wconf 87' lang='lat' dir='ltr'>Veroman-</span> 
     </span>
     <span class='ocr_line' id='line_1_7' title="bbox 215 562 1507 614; baseline 0 -12"><span class='ocrx_word' id='word_1_38' title='bbox 215 564 317 603; x_wconf 91' lang='lat' dir='ltr'>duos</span> <span class='ocrx_word' id='word_1_39' title='bbox 342 564 440 602; x_wconf 89' lang='lat' dir='ltr'>dena</span> <span class='ocrx_word' id='word_1_40' title='bbox 465 562 608 603; x_wconf 89' lang='lat' dir='ltr'>millia:</span> <span class='ocrx_word' id='word_1_41' title='bbox 636 563 858 613; x_wconf 87' lang='lat' dir='ltr'>quindecim</span> <span class='ocrx_word' id='word_1_42' title='bbox 873 564 1096 612; x_wconf 87' lang='lat' dir='ltr'>Atrebates,</span> <span class='ocrx_word' id='word_1_43' title='bbox 1120 565 1290 614; x_wconf 85' lang='lat' dir='ltr'>quinque</span> <span class='ocrx_word' id='word_1_44' title='bbox 1306 565 1343 603; x_wconf 85' lang='lat'>&amp;</span> <span class='ocrx_word' id='word_1_45' title='bbox 1367 562 1507 614; x_wconf 82' lang='lat' dir='ltr'>viginti</span> 
     </span>
     <span class='ocr_line' id='line_1_8' title="bbox 213 622 1506 676; baseline -0.001 -11"><span class='ocrx_word' id='word_1_46' title='bbox 213 624 416 672; x_wconf 81' lang='lat' dir='ltr'>Morinos,</span> <span class='ocrx_word' id='word_1_47' title='bbox 438 622 586 673; x_wconf 85' lang='lat' dir='ltr'>septem</span> <span class='ocrx_word' id='word_1_48' title='bbox 606 623 834 674; x_wconf 87' lang='lat' dir='ltr'>Menapios,</span> <span class='ocrx_word' id='word_1_49' title='bbox 858 626 895 665; x_wconf 73' lang='grc' dir='ltr'>δε</span> <span class='ocrx_word' id='word_1_50' title='bbox 909 626 1107 664; x_wconf 87' lang='lat' dir='ltr'>Atuaticos</span> <span class='ocrx_word' id='word_1_51' title='bbox 1127 625 1386 676; x_wconf 84' lang='lat' dir='ltr'>undeviginti:</span> <span class='ocrx_word' id='word_1_52' title='bbox 1411 638 1506 676; x_wconf 84' lang='lat' dir='ltr'>prae-</span> 
     </span>
     <span class='ocr_line' id='line_1_9' title="bbox 213 685 1505 738; baseline 0.001 -13"><span class='ocrx_word' id='word_1_53' title='bbox 213 696 317 725; x_wconf 82' lang='lat' dir='ltr'>terea</span> <span class='ocrx_word' id='word_1_54' title='bbox 346 685 588 731; x_wconf 88' lang='lat' dir='ltr'>Condrusos,</span> <span class='ocrx_word' id='word_1_55' title='bbox 613 686 834 735; x_wconf 85' lang='lat' dir='ltr'>Eburones,</span> <span class='ocrx_word' id='word_1_56' title='bbox 862 686 1057 736; x_wconf 70' lang='lat' dir='ltr'>Caeraesoe,</span> <span class='ocrx_word' id='word_1_57' title='bbox 1087 688 1308 736; x_wconf 88' lang='lat' dir='ltr'>Paemanos,</span> <span class='ocrx_word' id='word_1_58' title='bbox 1336 688 1402 738; x_wconf 89' lang='lat' dir='ltr'>qui</span> <span class='ocrx_word' id='word_1_59' title='bbox 1425 700 1505 726; x_wconf 89' lang='lat' dir='ltr'>uno</span> 
     </span>
     <span class='ocr_line' id='line_1_10' title="bbox 212 746 1508 800; baseline -0.001 -13"><span class='ocrx_word' id='word_1_60' title='bbox 212 749 374 787; x_wconf 85' lang='lat' dir='ltr'>nomine</span> <span class='ocrx_word' id='word_1_61' title='bbox 399 747 582 787; x_wconf 84' lang='lat' dir='ltr'>Germani</span> <span class='ocrx_word' id='word_1_62' title='bbox 599 746 915 797; x_wconf 81' lang='lat' dir='ltr'>appellabantur,</span> <span class='ocrx_word' id='word_1_63' title='bbox 941 756 1177 787; x_wconf 84' lang='lat' dir='ltr'>armatorum</span> <span class='ocrx_word' id='word_1_64' title='bbox 1199 747 1397 800; x_wconf 84' lang='lat' dir='ltr'>praebuiffe</span> <span class='ocrx_word' id='word_1_65' title='bbox 1418 747 1508 787; x_wconf 87' lang='lat' dir='ltr'>mil-</span> 
     </span>
     <span class='ocr_line' id='line_1_11' title="bbox 209 807 1508 859; baseline -0.001 -12"><span class='ocrx_word' id='word_1_66' title='bbox 209 807 262 847; x_wconf 78' lang='lat' dir='ltr'>lia</span> <span class='ocrx_word' id='word_1_67' title='bbox 294 808 447 847; x_wconf 80' lang='lat' dir='ltr'>circiter</span> <span class='ocrx_word' id='word_1_68' title='bbox 474 807 749 858; x_wconf 81' lang='lat' dir='ltr'>quadraginta3</span> <span class='ocrx_word' id='word_1_69' title='bbox 774 817 818 848; x_wconf 88' lang='lat' dir='ltr'>ut</span> <span class='ocrx_word' id='word_1_70' title='bbox 843 809 896 849; x_wconf 89' lang='lat' dir='ltr'>ita</span> <span class='ocrx_word' id='word_1_71' title='bbox 923 822 1003 849; x_wconf 90' lang='lat' dir='ltr'>non</span> <span class='ocrx_word' id='word_1_72' title='bbox 1030 811 1171 859; x_wconf 83' lang='lat' dir='ltr'>injuria</span> <span class='ocrx_word' id='word_1_73' title='bbox 1198 812 1246 849; x_wconf 91' lang='lat' dir='ltr'>de</span> <span class='ocrx_word' id='word_1_74' title='bbox 1271 810 1350 849; x_wconf 90' lang='lat' dir='ltr'>fide</span> <span class='ocrx_word' id='word_1_75' title='bbox 1374 812 1508 850; x_wconf 63' lang='lat' dir='ltr'>aucto.</span> 
     </span>
     <span class='ocr_line' id='line_1_12' title="bbox 211 869 1509 922; baseline 0.001 -14"><span class='ocrx_word' id='word_1_76' title='bbox 211 869 262 908; x_wconf 82' lang='lat' dir='ltr'>ris</span> <span class='ocrx_word' id='word_1_77' title='bbox 300 869 536 911; x_wconf 84' lang='lat' dir='ltr'>dubitaverit</span> <span class='ocrx_word' id='word_1_78' title='bbox 574 870 733 920; x_wconf 90' lang='lat' dir='ltr'>quidam</span> <span class='ocrx_word' id='word_1_79' title='bbox 773 869 904 911; x_wconf 85' lang='lat' dir='ltr'>Galliae</span> <span class='ocrx_word' id='word_1_80' title='bbox 937 884 1095 922; x_wconf 82' lang='lat' dir='ltr'>regum,</span> <span class='ocrx_word' id='word_1_81' title='bbox 1123 871 1230 921; x_wconf 87' lang='lat' dir='ltr'>quod</span> <span class='ocrx_word' id='word_1_82' title='bbox 1253 884 1302 911; x_wconf 83' lang='lat' dir='ltr'>ex</span> <span class='ocrx_word' id='word_1_83' title='bbox 1330 869 1509 910; x_wconf 86' lang='lat' dir='ltr'>universo</span> 
     </span>
     <span class='ocr_line' id='line_1_13' title="bbox 213 929 1511 984; baseline 0.001 -15"><span class='ocrx_word' id='word_1_84' title='bbox 213 942 332 980; x_wconf 81' lang='lat' dir='ltr'>regno</span> <span class='ocrx_word' id='word_1_85' title='bbox 353 938 500 970; x_wconf 87' lang='lat' dir='ltr'>tantam</span> <span class='ocrx_word' id='word_1_86' title='bbox 526 929 732 970; x_wconf 86' lang='lat' dir='ltr'>hominum</span> <span class='ocrx_word' id='word_1_87' title='bbox 760 930 863 970; x_wconf 88' lang='lat' dir='ltr'>bello</span> <span class='ocrx_word' id='word_1_88' title='bbox 900 930 1058 971; x_wconf 87' lang='lat' dir='ltr'>utilium</span> <span class='ocrx_word' id='word_1_89' title='bbox 1078 930 1373 972; x_wconf 87' lang='lat' dir='ltr'>multitudinem</span> <span class='ocrx_word' id='word_1_90' title='bbox 1397 936 1511 984; x_wconf 87' lang='lat' dir='ltr'>(tre-</span> 
     </span>
     <span class='ocr_line' id='line_1_14' title="bbox 213 988 1510 1046; baseline 0.002 -17"><span class='ocrx_word' id='word_1_91' title='bbox 213 992 335 1030; x_wconf 86' lang='lat' dir='ltr'>centis</span> <span class='ocrx_word' id='word_1_92' title='bbox 362 992 468 1030; x_wconf 86' lang='lat' dir='ltr'>enim</span> <span class='ocrx_word' id='word_1_93' title='bbox 498 990 672 1031; x_wconf 87' lang='lat' dir='ltr'>millibus</span> <span class='ocrx_word' id='word_1_94' title='bbox 702 991 830 1043; x_wconf 90' lang='lat' dir='ltr'>plures</span> <span class='ocrx_word' id='word_1_95' title='bbox 860 992 989 1046; x_wconf 85' lang='lat' dir='ltr'>fiunt)</span> <span class='ocrx_word' id='word_1_96' title='bbox 1013 993 1101 1044; x_wconf 89' lang='lat' dir='ltr'>cogi</span> <span class='ocrx_word' id='word_1_97' title='bbox 1131 993 1234 1044; x_wconf 81' lang='lat' dir='ltr'>poffe</span> <span class='ocrx_word' id='word_1_98' title='bbox 1251 988 1425 1032; x_wconf 72' lang='lat' dir='ltr'>&#39;minime</span> <span class='ocrx_word' id='word_1_99' title='bbox 1451 1005 1510 1032; x_wconf 87' lang='lat' dir='ltr'>ar-</span> 
     </span>
     <span class='ocr_line' id='line_1_15' title="bbox 212 1051 1357 1104; baseline 0.003 -12"><span class='ocrx_word' id='word_1_100' title='bbox 212 1051 445 1101; x_wconf 85' lang='lat' dir='ltr'>bitraretur,</span> <span class='ocrx_word' id='word_1_101' title='bbox 471 1066 706 1104; x_wconf 86' lang='lat' dir='ltr'>quamquam</span> <span class='ocrx_word' id='word_1_102' title='bbox 736 1055 919 1094; x_wconf 86' lang='lat' dir='ltr'>refertum</span> <span class='ocrx_word' id='word_1_103' title='bbox 944 1055 1226 1095; x_wconf 87' lang='lat' dir='ltr'>habitatoribus</span> <span class='ocrx_word' id='word_1_104' title='bbox 1253 1055 1357 1096; x_wconf 84' lang='lat' dir='ltr'>effet.</span> 
     </span>
    </p>

    <p class='ocr_par' dir='ltr' id='par_1_3' title="bbox 213 1114 1514 2084">
     <span class='ocr_line' id='line_1_16' title="bbox 268 1114 1511 1167; baseline 0.002 -14"><span class='ocrx_word' id='word_1_105' title='bbox 268 1114 346 1154; x_wconf 88' lang='lat' dir='ltr'>LV.</span> <span class='ocrx_word' id='word_1_106' title='bbox 376 1114 451 1154; x_wconf 89' lang='lat' dir='ltr'>Sed</span> <span class='ocrx_word' id='word_1_107' title='bbox 483 1114 605 1162; x_wconf 85' lang='lat' dir='ltr'>olim,</span> <span class='ocrx_word' id='word_1_108' title='bbox 639 1127 679 1153; x_wconf 86' lang='lat' dir='ltr'>ut</span> <span class='ocrx_word' id='word_1_109' title='bbox 699 1115 886 1163; x_wconf 77' lang='lat' dir='ltr'>arbitror,</span> <span class='ocrx_word' id='word_1_110' title='bbox 917 1117 1005 1167; x_wconf 86' lang='lat' dir='ltr'>quia</span> <span class='ocrx_word' id='word_1_111' title='bbox 1024 1120 1129 1167; x_wconf 80' lang='lat' dir='ltr'>pacis</span> <span class='ocrx_word' id='word_1_112' title='bbox 1156 1126 1252 1158; x_wconf 82' lang='lat' dir='ltr'>artes</span> <span class='ocrx_word' id='word_1_113' title='bbox 1278 1118 1404 1157; x_wconf 89' lang='lat' dir='ltr'>minus</span> <span class='ocrx_word' id='word_1_114' title='bbox 1431 1118 1511 1157; x_wconf 53' lang='lat' dir='ltr'>frea</span> 
     </span>
     <span class='ocr_line' id='line_1_17' title="bbox 215 1176 1511 1230; baseline 0.002 -15"><span class='ocrx_word' id='word_1_115' title='bbox 215 1176 526 1227; x_wconf 82' lang='lat' dir='ltr'>quentabantur‚</span> <span class='ocrx_word' id='word_1_116' title='bbox 562 1176 715 1216; x_wconf 88' lang='lat' dir='ltr'>uberior</span> <span class='ocrx_word' id='word_1_117' title='bbox 747 1177 914 1218; x_wconf 87' lang='lat' dir='ltr'>militum</span> <span class='ocrx_word' id='word_1_118' title='bbox 956 1180 1068 1230; x_wconf 89' lang='lat' dir='ltr'>copia</span> <span class='ocrx_word' id='word_1_119' title='bbox 1101 1179 1197 1219; x_wconf 81' lang='lat' dir='ltr'>fuit:</span> <span class='ocrx_word' id='word_1_120' title='bbox 1239 1192 1342 1218; x_wconf 83' lang='lat' dir='ltr'>nunc</span> <span class='ocrx_word' id='word_1_121' title='bbox 1379 1192 1426 1218; x_wconf 92' lang='lat' dir='ltr'>eo</span> <span class='ocrx_word' id='word_1_122' title='bbox 1449 1192 1511 1219; x_wconf 78' lang='lat' dir='ltr'>res</span> 
     </span>
     <span class='ocr_line' id='line_1_18' title="bbox 214 1238 1507 1292; baseline 0.003 -14"><span class='ocrx_word' id='word_1_123' title='bbox 214 1238 381 1278; x_wconf 68' lang='lat' dir='ltr'>deducta</span> <span class='ocrx_word' id='word_1_124' title='bbox 411 1239 484 1284; x_wconf 87' lang='lat' dir='ltr'>est,</span> <span class='ocrx_word' id='word_1_125' title='bbox 506 1248 550 1277; x_wconf 86' lang='lat' dir='ltr'>ut</span> <span class='ocrx_word' id='word_1_126' title='bbox 573 1253 721 1290; x_wconf 83' lang='lat' dir='ltr'>magnae</span> <span class='ocrx_word' id='word_1_127' title='bbox 753 1241 981 1281; x_wconf 86' lang='lat' dir='ltr'>eruditionis</span> <span class='ocrx_word' id='word_1_128' title='bbox 1015 1253 1103 1281; x_wconf 90' lang='lat' dir='ltr'>cum</span> <span class='ocrx_word' id='word_1_129' title='bbox 1129 1240 1507 1292; x_wconf 77' lang='lat' dir='ltr'>infigni&#39;patriarum</span> 
     </span>
     <span class='ocr_line' id='line_1_19' title="bbox 213 1299 1509 1350; baseline 0.002 -13"><span class='ocrx_word' id='word_1_130' title='bbox 213 1311 342 1338; x_wconf 88' lang='lat' dir='ltr'>rerum</span> <span class='ocrx_word' id='word_1_131' title='bbox 373 1300 508 1350; x_wconf 87' lang='lat' dir='ltr'>peritia</span> <span class='ocrx_word' id='word_1_132' title='bbox 538 1299 668 1340; x_wconf 87' lang='lat' dir='ltr'>Gallus</span> <span class='ocrx_word' id='word_1_133' title='bbox 697 1301 860 1340; x_wconf 87' lang='lat' dir='ltr'>scribere</span> <span class='ocrx_word' id='word_1_134' title='bbox 881 1315 961 1341; x_wconf 88' lang='lat' dir='ltr'>non</span> <span class='ocrx_word' id='word_1_135' title='bbox 988 1302 1198 1350; x_wconf 73' lang='lat' dir='ltr'>dubitarit,</span> <span class='ocrx_word' id='word_1_136' title='bbox 1224 1303 1332 1341; x_wconf 84' lang='lat' dir='ltr'>citius.</span> <span class='ocrx_word' id='word_1_137' title='bbox 1356 1304 1509 1340; x_wconf 79' lang='lat' dir='ltr'>ducenta</span> 
     </span>
     <span class='ocr_line' id='line_1_20' title="bbox 213 1363 1510 1418; baseline 0.002 -17"><span class='ocrx_word' id='word_1_138' title='bbox 213 1363 329 1401; x_wconf 81' lang='lat' dir='ltr'>millia</span> <span class='ocrx_word' id='word_1_139' title='bbox 350 1364 541 1415; x_wconf 76' lang='lat' dir='ltr'>scribarum</span> <span class='ocrx_word' id='word_1_140' title='bbox 557 1392 569 1412; x_wconf 88' lang='lat'>,</span> <span class='ocrx_word' id='word_1_141' title='bbox 596 1378 698 1416; x_wconf 86' lang='lat' dir='ltr'>quam</span> <span class='ocrx_word' id='word_1_142' title='bbox 731 1365 876 1417; x_wconf 78' lang='lat' dir='ltr'>triginta</span> <span class='ocrx_word' id='word_1_143' title='bbox 896 1366 1009 1404; x_wconf 81' lang='lat' dir='ltr'>millia</span> <span class='ocrx_word' id='word_1_144' title='bbox 1031 1365 1180 1404; x_wconf 70' lang='lat' dir='ltr'>militum</span> <span class='ocrx_word' id='word_1_145' title='bbox 1199 1395 1212 1412; x_wconf 90' lang='lat'>,</span> <span class='ocrx_word' id='word_1_146' title='bbox 1238 1366 1375 1418; x_wconf 82' lang='lat' dir='ltr'>reperiri</span> <span class='ocrx_word' id='word_1_147' title='bbox 1406 1366 1510 1403; x_wconf 84' lang='lat' dir='ltr'>lzodie</span> 
     </span>
     <span class='ocr_line' id='line_1_21' title="bbox 214 1426 1510 1480; baseline 0.003 -16"><span class='ocrx_word' id='word_1_148' title='bbox 214 1427 254 1464; x_wconf 80' lang='lat' dir='ltr'>in</span> <span class='ocrx_word' id='word_1_149' title='bbox 280 1426 407 1465; x_wconf 80' lang='lat' dir='ltr'>Gallia</span> <span class='ocrx_word' id='word_1_150' title='bbox 437 1426 541 1478; x_wconf 77' lang='lat' dir='ltr'>poffi.</span> <span class='ocrx_word' id='word_1_151' title='bbox 583 1428 704 1467; x_wconf 83' lang='lat' dir='ltr'>Causa</span> <span class='ocrx_word' id='word_1_152' title='bbox 738 1428 910 1469; x_wconf 84' lang='lat' dir='ltr'>bellandi</span> <span class='ocrx_word' id='word_1_153' title='bbox 948 1429 1141 1480; x_wconf 86' lang='lat' dir='ltr'>praecipua</span> <span class='ocrx_word' id='word_1_154' title='bbox 1168 1429 1267 1477; x_wconf 85' lang='lat' dir='ltr'>fuit,</span> <span class='ocrx_word' id='word_1_155' title='bbox 1293 1429 1398 1479; x_wconf 90' lang='lat' dir='ltr'>quod</span> <span class='ocrx_word' id='word_1_156' title='bbox 1424 1428 1510 1468; x_wconf 69' lang='lat' dir='ltr'>Bel-</span> 
     </span>
     <span class='ocr_line' id='line_1_22' title="bbox 216 1487 1512 1543; baseline 0.005 -17"><span class='ocrx_word' id='word_1_157' title='bbox 216 1501 293 1538; x_wconf 79' lang='lat' dir='ltr'>gae,</span> <span class='ocrx_word' id='word_1_158' title='bbox 319 1487 547 1528; x_wconf 74' lang='lat' dir='ltr'>successibus</span> <span class='ocrx_word' id='word_1_159' title='bbox 575 1489 729 1529; x_wconf 83' lang='lat' dir='ltr'>Caesaris</span> <span class='ocrx_word' id='word_1_160' title='bbox 763 1492 910 1538; x_wconf 85' lang='lat' dir='ltr'>territi,</span> <span class='ocrx_word' id='word_1_161' title='bbox 940 1504 1012 1531; x_wconf 87' lang='lat' dir='ltr'>nec</span> <span class='ocrx_word' id='word_1_162' title='bbox 1037 1492 1259 1532; x_wconf 81' lang='lat' dir='ltr'>ambitionis</span> <span class='ocrx_word' id='word_1_163' title='bbox 1290 1493 1433 1543; x_wconf 85' lang='lat' dir='ltr'>ignari,</span> <span class='ocrx_word' id='word_1_164' title='bbox 1458 1492 1512 1533; x_wconf 87' lang='lat' dir='ltr'>ad·</span> 
     </span>
     <span class='ocr_line' id='line_1_23' title="bbox 214 1546 1510 1603; baseline 0.005 -16"><span class='ocrx_word' id='word_1_165' title='bbox 214 1549 255 1587; x_wconf 83' lang='lat' dir='ltr'>se</span> <span class='ocrx_word' id='word_1_166' title='bbox 283 1563 438 1600; x_wconf 87' lang='lat' dir='ltr'>quoque</span> <span class='ocrx_word' id='word_1_167' title='bbox 465 1559 694 1600; x_wconf 83' lang='lat' dir='ltr'>perventura</span> <span class='ocrx_word' id='word_1_168' title='bbox 724 1564 827 1590; x_wconf 89' lang='lat' dir='ltr'>arma</span> <span class='ocrx_word' id='word_1_169' title='bbox 859 1552 1142 1603; x_wconf 85' lang='lat' dir='ltr'>imperiumque</span> <span class='ocrx_word' id='word_1_170' title='bbox 1174 1553 1392 1593; x_wconf 87' lang='lat' dir='ltr'>Romanum</span> <span class='ocrx_word' id='word_1_171' title='bbox 1418 1546 1510 1593; x_wconf 87' lang='lat' dir='ltr'>sen-</span> 
     </span>
     <span class='ocr_line' id='line_1_24' title="bbox 213 1611 1511 1663; baseline 0.004 -14"><span class='ocrx_word' id='word_1_172' title='bbox 213 1611 374 1650; x_wconf 79' lang='lat' dir='ltr'>tiebant.</span> <span class='ocrx_word' id='word_1_173' title='bbox 412 1612 461 1650; x_wconf 85' lang='lat' dir='ltr'>ad</span> <span class='ocrx_word' id='word_1_174' title='bbox 489 1611 566 1650; x_wconf 88' lang='lat' dir='ltr'>hoc</span> <span class='ocrx_word' id='word_1_175' title='bbox 594 1626 615 1652; x_wconf 90' lang='lat' dir='ltr'>a</span> <span class='ocrx_word' id='word_1_176' title='bbox 639 1613 865 1663; x_wconf 85' lang='lat' dir='ltr'>quibusdam</span> <span class='ocrx_word' id='word_1_177' title='bbox 894 1613 1129 1655; x_wconf 70' lang='lat' dir='ltr'>Celticorum</span> <span class='ocrx_word' id='word_1_178' title='bbox 1155 1614 1351 1655; x_wconf 82' lang='lat' dir='ltr'>Gallorum</span> <span class='ocrx_word' id='word_1_179' title='bbox 1384 1616 1511 1654; x_wconf 86' lang='lat' dir='ltr'>diver-</span> 
     </span>
     <span class='ocr_line' id='line_1_25' title="bbox 215 1673 1512 1727; baseline 0.002 -16"><span class='ocrx_word' id='word_1_180' title='bbox 215 1673 262 1712; x_wconf 85' lang='lat' dir='ltr'>fis</span> <span class='ocrx_word' id='word_1_181' title='bbox 293 1674 341 1712; x_wconf 88' lang='lat' dir='ltr'>de</span> <span class='ocrx_word' id='word_1_182' title='bbox 366 1673 484 1713; x_wconf 82' lang='lat' dir='ltr'>caufis</span> <span class='ocrx_word' id='word_1_183' title='bbox 512 1674 781 1714; x_wconf 88' lang='lat' dir='ltr'>incitabantur.</span> <span class='ocrx_word' id='word_1_184' title='bbox 807 1676 964 1716; x_wconf 87' lang='lat' dir='ltr'>initium</span> <span class='ocrx_word' id='word_1_185' title='bbox 991 1690 1187 1716; x_wconf 89' lang='lat' dir='ltr'>armorum</span> <span class='ocrx_word' id='word_1_186' title='bbox 1208 1691 1229 1716; x_wconf 90' lang='lat' dir='ltr'>a</span> <span class='ocrx_word' id='word_1_187' title='bbox 1257 1675 1512 1727; x_wconf 76' lang='lat' dir='ltr'>populatione</span> 
     </span>
     <span class='ocr_line' id='line_1_26' title="bbox 214 1736 1507 1789; baseline 0.003 -15"><span class='ocrx_word' id='word_1_188' title='bbox 214 1747 396 1785; x_wconf 85' lang='lat' dir='ltr'>agrorum</span> <span class='ocrx_word' id='word_1_189' title='bbox 421 1743 574 1783; x_wconf 90' lang='lat' dir='ltr'>ortum,</span> <span class='ocrx_word' id='word_1_190' title='bbox 607 1736 649 1775; x_wconf 87' lang='lat' dir='ltr'>in</span> <span class='ocrx_word' id='word_1_191' title='bbox 679 1736 850 1776; x_wconf 87' lang='lat' dir='ltr'>Rhemos</span> <span class='ocrx_word' id='word_1_192' title='bbox 880 1737 1106 1778; x_wconf 85' lang='lat' dir='ltr'>effundente</span> <span class='ocrx_word' id='word_1_193' title='bbox 1133 1739 1170 1778; x_wconf 90' lang='lat' dir='ltr'>se</span> <span class='ocrx_word' id='word_1_194' title='bbox 1199 1738 1401 1789; x_wconf 82' lang='lat' dir='ltr'>Belgarum</span> <span class='ocrx_word' id='word_1_195' title='bbox 1426 1738 1507 1786; x_wconf 87' lang='lat' dir='ltr'>ira,</span> 
     </span>
     <span class='ocr_line' id='line_1_27' title="bbox 215 1797 1512 1849; baseline 0.003 -15"><span class='ocrx_word' id='word_1_196' title='bbox 215 1809 381 1847; x_wconf 89' lang='lat' dir='ltr'>quorum</span> <span class='ocrx_word' id='word_1_197' title='bbox 406 1797 522 1836; x_wconf 88' lang='lat' dir='ltr'>etiam</span> <span class='ocrx_word' id='word_1_198' title='bbox 543 1798 732 1847; x_wconf 83' lang='lat' dir='ltr'>oppidum</span> <span class='ocrx_word' id='word_1_199' title='bbox 747 1798 912 1845; x_wconf 84' lang='lat' dir='ltr'>Bibrax,</span> <span class='ocrx_word' id='word_1_200' title='bbox 930 1799 1066 1838; x_wconf 81' lang='lat' dir='ltr'>acriter</span> <span class='ocrx_word' id='word_1_201' title='bbox 1087 1799 1135 1838; x_wconf 89' lang='lat' dir='ltr'>ab</span> <span class='ocrx_word' id='word_1_202' title='bbox 1155 1798 1215 1838; x_wconf 88' lang='lat' dir='ltr'>his</span> <span class='ocrx_word' id='word_1_203' title='bbox 1236 1809 1512 1849; x_wconf 76' lang='lat' dir='ltr'>oppugnatum</span> 
     </span>
     <span class='ocr_line' id='line_1_28' title="bbox 217 1857 1514 1910; baseline 0.004 -14"><span class='ocrx_word' id='word_1_204' title='bbox 217 1858 282 1896; x_wconf 87' lang='lat' dir='ltr'>est.</span> <span class='ocrx_word' id='word_1_205' title='bbox 310 1857 385 1897; x_wconf 89' lang='lat' dir='ltr'>Sed</span> <span class='ocrx_word' id='word_1_206' title='bbox 408 1858 496 1908; x_wconf 89' lang='lat' dir='ltr'>quia</span> <span class='ocrx_word' id='word_1_207' title='bbox 519 1857 624 1897; x_wconf 89' lang='lat' dir='ltr'>haud</span> <span class='ocrx_word' id='word_1_208' title='bbox 650 1857 801 1909; x_wconf 86' lang='lat' dir='ltr'>longius</span> <span class='ocrx_word' id='word_1_209' title='bbox 818 1889 830 1905; x_wconf 91' lang='lat'>‚</span> <span class='ocrx_word' id='word_1_210' title='bbox 853 1873 968 1909; x_wconf 87' lang='lat' dir='ltr'>quam</span> <span class='ocrx_word' id='word_1_211' title='bbox 993 1860 1041 1898; x_wconf 87' lang='lat' dir='ltr'>ad</span> <span class='ocrx_word' id='word_1_212' title='bbox 1073 1862 1161 1901; x_wconf 72' lang='lat' dir='ltr'>oc‘to</span> <span class='ocrx_word' id='word_1_213' title='bbox 1187 1860 1307 1899; x_wconf 87' lang='lat' dir='ltr'>millia</span> <span class='ocrx_word' id='word_1_214' title='bbox 1337 1859 1514 1910; x_wconf 75' lang='lat' dir='ltr'>passuum</span> 
     </span>
     <span class='ocr_line' id='line_1_29' title="bbox 216 1920 1510 1967; baseline -0.001 -7"><span class='ocrx_word' id='word_1_215' title='bbox 216 1920 335 1960; x_wconf 80' lang='lat' dir='ltr'>castra</span> <span class='ocrx_word' id='word_1_216' title='bbox 362 1920 515 1959; x_wconf 84' lang='lat' dir='ltr'>Caesaris</span> <span class='ocrx_word' id='word_1_217' title='bbox 543 1921 726 1967; x_wconf 83' lang='lat' dir='ltr'>aberant,</span> <span class='ocrx_word' id='word_1_218' title='bbox 761 1925 797 1961; x_wconf 75' lang='lat' dir='ltr'>o&#39;c</span> <span class='ocrx_word' id='word_1_219' title='bbox 819 1923 910 1961; x_wconf 88' lang='lat' dir='ltr'>inde</span> <span class='ocrx_word' id='word_1_220' title='bbox 935 1922 1098 1966; x_wconf 75' lang='lat' dir='ltr'>subsidia</span> <span class='ocrx_word' id='word_1_221' title='bbox 1121 1922 1282 1962; x_wconf 84' lang='lat' dir='ltr'>Rhemis</span> <span class='ocrx_word' id='word_1_222' title='bbox 1306 1922 1510 1961; x_wconf 70' lang='lat' dir='ltr'>mitteban-</span> 
     </span>
     <span class='ocr_line' id='line_1_30' title="bbox 215 1983 1512 2036; baseline 0.002 -14"><span class='ocrx_word' id='word_1_223' title='bbox 215 1991 299 2029; x_wconf 84' lang='lat' dir='ltr'>tur,</span> <span class='ocrx_word' id='word_1_224' title='bbox 333 1983 468 2023; x_wconf 55' lang='lat' dir='ltr'>relicto</span> <span class='ocrx_word' id='word_1_225' title='bbox 500 1983 703 2033; x_wconf 65' lang='lat' dir='ltr'>Bibracte,</span> <span class='ocrx_word' id='word_1_226' title='bbox 740 1984 866 2036; x_wconf 82' lang='lat' dir='ltr'>Belgae</span> <span class='ocrx_word' id='word_1_227' title='bbox 897 1986 1076 2036; x_wconf 83' lang='lat' dir='ltr'>protinus</span> <span class='ocrx_word' id='word_1_228' title='bbox 1111 1987 1162 2026; x_wconf 85' lang='lat' dir='ltr'>ad</span> <span class='ocrx_word' id='word_1_229' title='bbox 1188 1985 1306 2024; x_wconf 85' lang='lat' dir='ltr'>castra</span> <span class='ocrx_word' id='word_1_230' title='bbox 1335 1985 1512 2026; x_wconf 79' lang='lat' dir='ltr'>Romana</span> 
     </span>
     <span class='ocr_line' id='line_1_31' title="bbox 217 2045 515 2084; baseline 0.003 -1"><span class='ocrx_word' id='word_1_231' title='bbox 217 2045 515 2084; x_wconf 87' lang='lat' dir='ltr'>contenderunt.</span> 
     </span>
    </p>

    <p class='ocr_par' dir='ltr' id='par_1_4' title="bbox 216 2107 1510 2345">
     <span class='ocr_line' id='line_1_32' title="bbox 273 2107 1510 2162; baseline 0.004 -16"><span class='ocrx_word' id='word_1_232' title='bbox 273 2107 367 2162; x_wconf 79' lang='lat' dir='ltr'>LVI.</span> <span class='ocrx_word' id='word_1_233' title='bbox 403 2109 539 2146; x_wconf 78' lang='lat' dir='ltr'>Axona</span> <span class='ocrx_word' id='word_1_234' title='bbox 565 2109 712 2148; x_wconf 84' lang='lat' dir='ltr'>flumen</span> <span class='ocrx_word' id='word_1_235' title='bbox 741 2121 808 2159; x_wconf 88' lang='lat' dir='ltr'>per</span> <span class='ocrx_word' id='word_1_236' title='bbox 831 2117 1024 2148; x_wconf 79' lang='lat' dir='ltr'>extremos</span> <span class='ocrx_word' id='word_1_237' title='bbox 1059 2109 1296 2149; x_wconf 84' lang='lat' dir='ltr'>Rhemorum</span> <span class='ocrx_word' id='word_1_238' title='bbox 1326 2108 1421 2147; x_wconf 83' lang='lat' dir='ltr'>fines</span> <span class='ocrx_word' id='word_1_239' title='bbox 1445 2107 1510 2151; x_wconf 85' lang='lat' dir='ltr'>la.-</span> 
     </span>
     <span class='ocr_line' id='line_1_33' title="bbox 218 2169 1510 2221; baseline 0 -12"><span class='ocrx_word' id='word_1_240' title='bbox 218 2169 343 2216; x_wconf 86' lang='lat' dir='ltr'>bitur‚</span> <span class='ocrx_word' id='word_1_241' title='bbox 374 2170 423 2208; x_wconf 86' lang='lat' dir='ltr'>ad</span> <span class='ocrx_word' id='word_1_242' title='bbox 444 2171 548 2219; x_wconf 88' lang='lat' dir='ltr'>quod</span> <span class='ocrx_word' id='word_1_243' title='bbox 577 2170 698 2210; x_wconf 70' lang='lat' dir='ltr'>Caesar</span> <span class='ocrx_word' id='word_1_244' title='bbox 727 2184 773 2210; x_wconf 88' lang='lat' dir='ltr'>eo</span> <span class='ocrx_word' id='word_1_245' title='bbox 802 2181 977 2221; x_wconf 89' lang='lat' dir='ltr'>tempore</span> <span class='ocrx_word' id='word_1_246' title='bbox 1003 2171 1252 2218; x_wconf 84' lang='lat' dir='ltr'>consederat,</span> <span class='ocrx_word' id='word_1_247' title='bbox 1287 2170 1412 2209; x_wconf 84' lang='lat' dir='ltr'>castris</span> <span class='ocrx_word' id='word_1_248' title='bbox 1450 2171 1510 2210; x_wconf 93' lang='lat' dir='ltr'>di-</span> 
     </span>
     <span class='ocr_line' id='line_1_34' title="bbox 218 2225 1506 2284; baseline 0.004 -15"><span class='ocrx_word' id='word_1_249' title='bbox 218 2231 387 2280; x_wconf 86' lang='lat' dir='ltr'>ligenter</span> <span class='ocrx_word' id='word_1_250' title='bbox 409 2234 592 2280; x_wconf 88' lang='lat' dir='ltr'>munitis;</span> <span class='ocrx_word' id='word_1_251' title='bbox 627 2234 731 2283; x_wconf 89' lang='lat' dir='ltr'>quod</span> <span class='ocrx_word' id='word_1_252' title='bbox 765 2225 921 2284; x_wconf 77' lang='lat' dir='ltr'>propter</span> <span class='ocrx_word' id='word_1_253' title='bbox 946 2233 1238 2273; x_wconf 86' lang='lat' dir='ltr'>multitudinem</span> <span class='ocrx_word' id='word_1_254' title='bbox 1271 2232 1440 2272; x_wconf 87' lang='lat' dir='ltr'>hostium</span> <span class='ocrx_word' id='word_1_255' title='bbox 1467 2235 1506 2274; x_wconf 75' lang='grc' dir='ltr'>δε</span> 
     </span>
     <span class='ocr_line' id='line_1_35' title="bbox 216 2291 1510 2345; baseline 0.004 -14"><span class='ocrx_word' id='word_1_256' title='bbox 216 2291 367 2331; x_wconf 88' lang='lat' dir='ltr'>virtutis</span> <span class='ocrx_word' id='word_1_257' title='bbox 391 2293 540 2333; x_wconf 81' lang='lat' dir='ltr'>eximiae</span> <span class='ocrx_word' id='word_1_258' title='bbox 561 2293 704 2333; x_wconf 89' lang='lat' dir='ltr'>famam</span> <span class='ocrx_word' id='word_1_259' title='bbox 717 2324 728 2343; x_wconf 88' lang='lat'>,</span> <span class='ocrx_word' id='word_1_260' title='bbox 744 2307 825 2335; x_wconf 89' lang='lat' dir='ltr'>non</span> <span class='ocrx_word' id='word_1_261' title='bbox 844 2295 1022 2335; x_wconf 84' lang='lat' dir='ltr'>statuerat</span> <span class='ocrx_word' id='word_1_262' title='bbox 1039 2294 1239 2345; x_wconf 89' lang='lat' dir='ltr'>proelium,</span> <span class='ocrx_word' id='word_1_263' title='bbox 1255 2307 1510 2344; x_wconf 80' lang='lat' dir='ltr'>praeterquam</span> 
     </span>
    </p>
   </div>
   <div class='ocr_carea' id='block_1_3' title="bbox 221 2418 1503 2510">
    <p class='ocr_par' dir='ltr' id='par_1_5' title="bbox 221 2418 1503 2510">
     <span class='ocr_line' id='line_1_36' title="bbox 264 2418 1503 2466; baseline 0.004 -14"><span class='ocrx_word' id='word_1_264' title='bbox 264 2418 288 2463; x_wconf 67' lang='grc'>5</span> <span class='ocrx_word' id='word_1_265' title='bbox 312 2419 399 2452; x_wconf 77' lang='lat' dir='ltr'>LIV.</span> <span class='ocrx_word' id='word_1_266' title='bbox 419 2419 490 2453; x_wconf 88' lang='lat' dir='ltr'>Cic.</span> <span class='ocrx_word' id='word_1_267' title='bbox 513 2421 553 2452; x_wconf 86' lang='lat' dir='ltr'>ad</span> <span class='ocrx_word' id='word_1_268' title='bbox 566 2421 673 2455; x_wconf 84' lang='lat' dir='ltr'>Attic.</span> <span class='ocrx_word' id='word_1_269' title='bbox 690 2432 734 2465; x_wconf 73' lang='lat'>4,</span> <span class='ocrx_word' id='word_1_270' title='bbox 752 2432 785 2465; x_wconf 81' lang='lat'>3.</span> <span class='ocrx_word' id='word_1_271' title='bbox 805 2420 947 2458; x_wconf 76' lang='lat' dir='ltr'>Diodor.</span> <span class='ocrx_word' id='word_1_272' title='bbox 970 2421 1056 2458; x_wconf 78' lang='lat' dir='ltr'>Caes.</span> <span class='ocrx_word' id='word_1_273' title='bbox 1076 2422 1117 2456; x_wconf 76' lang='lat' dir='ltr'>dc</span> <span class='ocrx_word' id='word_1_274' title='bbox 1150 2422 1186 2455; x_wconf 86' lang='grc' dir='ltr'>Β.</span> <span class='ocrx_word' id='word_1_275' title='bbox 1209 2421 1253 2456; x_wconf 88' lang='lat' dir='ltr'>G.</span> <span class='ocrx_word' id='word_1_276' title='bbox 1270 2432 1286 2454; x_wconf 89' lang='lat'>2</span> <span class='ocrx_word' id='word_1_277' title='bbox 1301 2448 1311 2463; x_wconf 89' lang='lat'>,</span> <span class='ocrx_word' id='word_1_278' title='bbox 1329 2431 1358 2466; x_wconf 85' lang='lat'>3.</span> <span class='ocrx_word' id='word_1_279' title='bbox 1383 2420 1409 2466; x_wconf 70' lang='grc'>5</span> <span class='ocrx_word' id='word_1_280' title='bbox 1425 2420 1503 2463; x_wconf 71' lang='lat' dir='ltr'>LV.</span> 
     </span>
     <span class='ocr_line' id='line_1_37' title="bbox 221 2462 645 2510; baseline 0.005 -12"><span class='ocrx_word' id='word_1_281' title='bbox 221 2462 300 2499; x_wconf 62' lang='grc' dir='ltr'>ΕΝ.</span> <span class='ocrx_word' id='word_1_282' title='bbox 322 2465 416 2510; x_wconf 74' lang='lat' dir='ltr'>Epir.</span> <span class='ocrx_word' id='word_1_283' title='bbox 434 2464 536 2500; x_wconf 83' lang='lat' dir='ltr'>Oros.</span> <span class='ocrx_word' id='word_1_284' title='bbox 556 2465 645 2508; x_wconf 77' lang='lat'>6‚7-</span> 
     </span>
    </p>
   </div>
  </div>
 </body>
</html>
