1675 2959
287 107 352 175 '58
417 108 511 158 JO.
544 106 1077 157 FREINSHEMII
1113 103 1481 156 SUPPLEM.⁴

289 215 501 256 reverentia
530 216 650 267 regis,
675 217 785 264 cujus
820 222 926 254 tanta
953 221 1033 255 erat
1059 214 1165 265 apud
1190 226 1323 253 omnes
1345 212 1467 264 gloria
1486 241 1499 261 ,
1529 217 1576 251 ut

289 292 341 320 ne
365 279 524 330 quidem
548 280 646 319 inter
671 277 827 318 adversa
852 278 1070 317 contemtui
1094 276 1219 316 facilis
1245 271 1464 315 videretur?¹

342 342 512 383 XXVH.
541 342 629 391 Jam
658 343 700 381 in
727 341 835 393 Syria
865 341 1070 391 pompejus
1091 347 1195 385 erat,
1225 350 1316 377 cum
1345 336 1427 376 haec
1446 335 1578 375 omnia

286 403 389 443 circa
413 404 624 454 Bosporum
653 402 894 454 gerebantur.
929 402 967 442 Is
993 402 1121 449 enim,
1145 399 1269 439 obiter
1293 398 1473 449 superatis
1500 399 1578 436 An·

284 464 420 504 tiocho
449 461 746 515 Commagen'ae,
774 463 891 504 Dario
919 463 1063 503 Mediae
1106 460 1284 512 regibus,
1313 457 1575 510 quinquagesi-

286 536 374 572 ma,
400 537 515 574 quam
541 537 586 563 ex
606 524 730 564 Ponto
761 524 956 575 profectus
976 531 1078 572 erat,
1103 523 1195 568 die,
1225 521 1420 561 Ecbatana
1440 532 1575 570 perve-

284 593 404 623 nerat.
439 583 619 635 Duplicia
642 585 798 625 fuerunt
829 584 1024 625 Ecbatana
1058 582 1198 634 dispari
1231 581 1444 621 nobilitate.
1481 593 1575 620 nam

283 645 402 687 altera
428 645 644 695 Persarum,
675 646 817 686 deinde
845 644 1073 686 Parthorum
1104 656 1239 694 regum
1275 642 1406 682 aestivis
1429 641 1573 681 notissi·

285 720 351 748 ma
368 708 473 748 sunt:
488 710 660 761 Syriaca,
675 717 811 760 praeter
830 708 1135 747 mediocritatem
1154 719 1292 757 opum,
1313 718 1458 747 nomen
1478 718 1576 756 quo-

256 818 260 821 ,
283 784 361 821 que
384 780 577 810 mutatum
592 771 832 818 obscuravit,
854 769 1053 821 postquam
1079 782 1101 808 a
1123 777 1278 815 monte,
1299 769 1340 806 in
1364 780 1440 818 quo
1461 767 1574 810 situm

281 842 365 873 erat
394 834 612 883 oppidum,
641 833 831 874 Carmelum
854 830 1046 882 appellare
1075 837 1289 881 coeperunt.

337 897 528 939 XXVIII.
564 897 624 938 Ad
657 896 759 936 hanc
789 895 903 947 igitur
925 896 1039 947 Syriae
1067 894 1202 934 urbem
1238 891 1380 932 venifl‘e
1404 892 1575 942 Pompe-

284 962 368 1011 jum
384 991 396 1009 ,
420 973 499 999 non
522 960 572 1000 ad
592 959 817 1005 Medicam,
840 957 1024 997 arbitror:
1060 969 1294 1007 quamquam
1319 955 1426 995 aliter
1448 955 1500 994 est
1523 955 1573 996 ab

282 1024 419 1065 Orosio
448 1023 648 1062 traditum.
679 1022 762 1062 Nec
782 1021 894 1067 ideo,
921 1020 1009 1071 quia
1033 1032 1121 1059 cum
1139 1019 1346 1059 Medorum
1376 1031 1463 1068 rege
1489 1017 1572 1057 bel-

281 1084 367 1124 lum
390 1083 549 1130 habuit,
569 1084 617 1122 ad
631 1082 826 1123 Ecbatana
847 1079 1057 1131 pervenisse
1082 1080 1296 1119 credendus
1317 1079 1390 1119 est:
1414 1092 1503 1118 nam
1527 1077 1572 1117 il.

279 1144 385 1193 lum,
410 1145 593 1184 auxilium
625 1143 821 1184 Antiocho
863 1143 1070 1189 ferentem,
1106 1143 1234 1192 coegit
1255 1142 1413 1192 fugere,
1445 1153 1571 1191 neque

277 1220 370 1248 vero
395 1208 557 1248 Parthus
579 1206 798 1257 quieviffet‚
831 1205 1042 1244 accedente
1078 1204 1255 1244 Romano
1286 1203 1334 1244 ad
1372 1204 1478 1253 regni
1513 1201 1572 1241 sui

281 1280 423 1322 caput,
452 1270 782 1322 quemadmodum
807 1268 855 1308 ab
879 1268 1017 1312 eodem
1050 1267 1183 1307 Orosro
1206 1265 1438 1306 nominatur.
1475 1265 1570 1304 Prae-

279 1341 384 1373 terea
405 1344 540 1372 notum
565 1333 639 1382 est,
666 1331 839 1373 Parthica
865 1330 965 1372 bella
988 1328 1193 1370 declinasse
1224 1322 1449 1378 Pompeium
1466 1357 1479 1373 ‚
1502 1327 1569 1377 Sy-

278 1397 346 1436 riae
374 1405 499 1447 partes
529 1408 665 1435 omnes
698 1392 944 1446 percurrisse,
979 1402 1023 1433 ut
1055 1392 1125 1431 sub
1156 1392 1360 1441 imperium
1389 1398 1568 1439 cogeret:

282 1459 457 1512 quidquid
480 1459 585 1497 enim
601 1459 670 1511 sub
704 1458 856 1510 Tigrane
869 1455 1017 1508 firmet,
1043 1455 1106 1494 illo
1132 1454 1326 1500 debellato,
1350 1453 1472 1504 populi
1493 1453 1566 1489 Ro.

280 1522 377 1561 mani
398 1522 532 1574 flu‘lum
564 1520 626 1573 effi
651 1518 896 1562 autumabat:
931 1518 1083 1569 hocque
1115 1515 1313 1558 factitabat
1341 1515 1567 1562 lubentius,

278 1591 324 1622 ut
346 1585 430 1622 afta
451 1581 605 1623 Luculli
635 1579 953 1620 convellerentur.

328 1643 486 1686 XXIX.
509 1644 611 1684 Nam
639 1640 840 1690 Lucullus,
866 1642 967 1681 victo
998 1640 1192 1691 Tigrane,
1218 1637 1406 1678 reversum
1427 1637 1466 1676 in
1492 1639 1564 1688 Sy·

274 1706 395 1755 riam,
431 1715 709 1757 receptumque
744 1718 765 1744 a
802 1703 904 1751 suis,
939 1703 1176 1744 Antiochum
1205 1701 1386 1751 Cyziceni
1415 1699 1566 1749 filium,

280 1769 385 1807 avito
423 1780 539 1819 regno
575 1766 650 1806 frui
681 1765 832 1817 passus,
872 1780 978 1818 regem
1004 1763 1272 1815 appellaverat.
1306 1762 1381 1802 Sed
1418 1761 1565 1800 ademit

273 1830 450 1883 praesenti
484 1829 709 1880 videntique
738 1841 899 1879 regnum
931 1828 1163 1878 Pompejus,
1195 1836 1429 1875 quamquam
1465 1836 1564 1862 nun-

273 1905 390 1943 quam
416 1892 464 1931 de
482 1891 629 1943 populo
647 1891 821 1930 Romano
845 1888 945 1929 male
968 1887 1181 1935 meruisset3
1206 1898 1294 1924 cum
1317 1885 1461 1923 hostem
1479 1885 1565 1932 ejus

273 1954 482 2004 Tigranem
508 1965 664 2004 regnare
690 1962 893 2003 pateretur.
928 1951 1011 1991 Nec
1039 1947 1206 1999 speciosa
1240 1947 1344 1986 dictu
1377 1947 1557 1987 deerant:

271 2015 425 2068 tecusare
459 2018 574 2068 Syros
601 2015 794 2062 hominem,
822 2030 845 2052 a
866 2027 932 2066 quo
958 2025 1008 2051 tot
1028 2026 1092 2064 per
1120 2025 1233 2049 annos
1262 2008 1406 2061 dqfhm‘,
1435 2008 1561 2046 alieni.

267 2090 366 2131 genet
399 2078 490 2130 regis
511 2077 637 2130 jugum
662 2075 828 2127 tultffent,
877 2089 982 2128 neque
1006 2089 1085 2112 vero
1121 2087 1251 2126 aequum
1274 2072 1362 2124 effi,
1390 2085 1465 2108 cum
1487 2070 1559 2121 sua

267 2140 357 2181 tueri
377 2138 601 2191 nequiviffit,
636 2138 745 2177 alieni
772 2138 905 2176 laboris
934 2151 1008 2175 eum
1029 2138 1151 2174 habere
1172 2136 1329 2188 praemia.
1368 2133 1457 2174 Paci
1475 2147 1561 2185 quo.-

268 2215 333 2258 que
372 2201 486 2253 Syriae
512 2200 780 2253 consulendum„
817 2213 860 2239 ne
887 2199 1005 2250 rursus
1029 2198 1224 2239 Judaeorum
1253 2195 1476 2247 Arabumque
1500 2194 1558 2237 la-¹

269 2264 430 2306 trociniis
447 2263 519 2314 fiat
537 2274 744 2316 opportuna.

311 2380 335 2423 5
359 2379 481 2414 XXVI.
506 2379 649 2412 Diodor.
670 2380 692 2411 l.
719 2390 772 2423 37.
796 2378 941 2422 Appiam.
970 2378 1151 2423 §xxvlL
1177 2376 1321 2412 Diodor.
1344 2376 1435 2410 Flor-
1462 2384 1502 2419 3,
1524 2385 1556 2417 ς,

268 2424 414 2474 Appiam
437 2425 459 2472 §
479 2424 605 2459 XXIX.
632 2424 776 2458 Diodor.
798 2424 947 2472 Appian-
