1675 2959
274 141 356 188 IN
403 141 580 188 LOC.
621 139 762 187 LIB.
803 140 909 188 CIV
957 140 1111 187 LIV.
1272 159 1366 209 ¹57.

80 250 290 285 morantur.
323 256 485 294 quorum
510 244 731 296 Reudignos
758 247 793 285 δι
823 245 984 286 Avionas
1010 247 1052 285 in
1076 245 1293 297 Aquilonari
1321 251 1361 289 ἃς

78 307 269 346 maritima
293 307 467 347 Saxoniae
490 306 600 358 plaga
628 308 794 347 collocat
818 308 984 347 Andreas
1000 307 1264 357 Asthamerus,
1292 323 1359 349 cu..

78 371 140 419 jus
164 363 405 418 diligentiam·
437 378 518 408 tota
553 369 626 408 hac
663 370 921 419 descriptione
952 368 1161 420 plurimum
1196 371 1358 420 sequor,

78 430 97 484 (
111 429 324 469 Cluverium
349 431 473 478 enim,
495 432 557 481 qui
587 431 668 470 haec
694 431 944 481 copiosissime
961 431 1013 469 est
1039 430 1264 480 exsecutus,
1279 433 1361 471 adi.

75 491 169 542 pisci
196 504 273 531 non
304 492 446 542 licuit)
481 494 549 533 ubi
579 507 681 532 nunc
717 493 1070 543 Megaloburgenfis
1099 493 1259 532 ducatus
1289 507 1363 533 no-

75 555 254 594 minatur.
281 555 489 604 Anglorum
517 565 643 595 autem
672 563 837 594 veterem
862 546 1144 596 ¹habitationem
1169 558 1266 596 inter
1290 559 1361 597 Sa-

73 627 196 654 xonas
213 615 460 666 Vitarumque
491 624 642 666 gentem
669 616 801 664 fuisse,
825 616 929 655 Beda
956 617 1136 664 tradidit,
1159 617 1250 657 inde
1282 619 1356 658 mi-

73 676 191 726 grasse
214 678 253 715 in
279 677 523 716 Britanniam.
552 677 626 717 Sed
651 677 721 716 hos
745 678 868 727 arguit
895 679 1011 717 Vecta
1031 678 1170 728 insula,
1189 681 1259 719 ‘cui
1286 692 1357 728 νος

73 739 255 778 cabulum
283 739 357 779 hoc
385 740 604 790 impositum
631 741 683 779 est
710 740 757 779 ab
781 740 839 778 his
867 740 1020 780 incolis.

126 802 252 842 XVII.
283 803 353 842 Pro
377 803 473 842 Vitis
501 802 562 841 alii
588 802 790 852 scriptores
812 804 919 850 Jutas
939 812 1113 853 ponunt,
1136 806 1266 844 notius
1282 816 1360 846 nod

69 875 171 904 men.
195 863 548 913 Quidam-putant,
563 863 729 914 habitaffi
749 865 896 915 Anglos
915 865 966 901 ad
992 878 1084 901 mare
1107 865 1352 905 Germanicum

68 927 104 965 ἐξ)
125 925 248 962 Albim
273 924 425 973 fluvium
449 936 509 959 eas
529 934 678 973 parta,
711 934 800 971 quas
825 922 925 960 hodie
956 924 1227 976 Ltznehzzrgeqsis
1249 940 1353 979 atque:

67 985 336 1035 Brzm'ovicenfis
372 984 522 1021 ditiones
557 994 738 1034 occupant.
797 982 976 1023 Ceterum
1013 985 1211 1035 peninsula
1250 990 1353 1028 inter·

67 1045 184 1086 Sliam
204 1047 239 1084 Sc
261 1043 536 1094 Flensburgum
563 1042 724 1082 Balthici
749 1045 864 1081 maris
891 1045 1015 1090 finus,
1038 1046 1259 1092 incorrupta
1286 1045 1352 1084 ad.

63 1107 145 1147 huc
178 1107 456 1159 appellatione,
485 1107 624 1146 veteris
648 1104 792 1154 Angliae
821 1104 931 1142 fitum
960 1105 1248 1146 commonstrat.
1277 1108 1351 1147 Ce-

64 1172 178 1220 teris,
203 1185 298 1222 quos
324 1171 645 1216 memoravimuS,
669 1182 737 1218 per
755 1168 973 1207 Germanici
996 1169 1108 1207 maris
1134 1169 1245 1209 litora
1267 1182 1355 1211 ver-³

60 1234 126 1272 sus
155 1235 376 1279 Orientem,
407 1244 429 1269 a
452 1230 673 1271 Pomerania
692 1230 730 1268 in
754 1229 930 1270 Pruffiam
946 1261 957 1279 ,
986 1243 1007 1270 a
1030 1233 1249 1280 conjectura
1278 1247 1349 1284 po-

62 1295 158 1344 tius,
174 1308 287 1345 quam
310 1294 443 1333 notitia
458 1298 477 1341 ,¹
495 1292 601 1331 sedes
628 1292 870 1342 affignantur.
895 1293 993 1332 Nam
1020 1301 1128 1331 retate
1149 1294 1348 1335 Strabonis

66 1358 269 1398 Germania
301 1355 551 1406 Transalpina
580 1355 729 1405 prorsus
756 1363 836 1394 erat
860 1355 1081 1406 incognita:
1116 1369 1206 1395 cum
1227 1358 1350 1398 Taci-

62 1427 125 1458 tus
153 1418 356 1466 scriberet,
387 1418 418 1456 is
453 1429 605 1467 quoque
633 1416 768 1455 fluvius
794 1416 888 1454 adiri
921 1416 968 1455 ab
994 1416 1180 1456 Romanis
1207 1418 1348 1468 nequi-q

67 1481 142 1521 bat.
181 1480 322 1519 Plinius
351 1488 480 1518 autem
507 1479 667 1519 Varinos
689 1477 948 1518 Vandalorum
976 1478 1069 1518 fecit
1095 1487 1256 1529 partem.

113 1543 258 1583 XVIII.
294 1543 408 1583 Paulo
442 1542 603 1581 certiora
626 1541 730 1590 sunt,
756 1554 838 1592 quae
866 1543 913 1580 de
939 1542 1116 1592 gentibus
1138 1544 1187 1582 ad
1216 1545 1343 1585 Danu..

60 1605 169 1646 bium
205 1605 406 1656 scriptores
435 1604 545 1655 prisci
579 1605 829 1644 tradiderunt.
871 1603 926 1643 Ex
954 1603 1012 1642 his
1049 1605 1340 1646 Hermunduro.

57 1677 146 1705 rum
167 1675 291 1713 terra,
315 1665 418 1706 Albis
442 1674 525 1704 ortu
546 1671 703 1714 notata,
731 1667 766 1705 δε
787 1665 930 1705 vicinia
951 1665 1186 1705 Semnonum
1212 1668 1343 1708 Catto-

54 1739 242 1777 rumque,
268 1727 494 1777 quibuscum
516 1726 563 1765 de
585 1726 702 1765 fluvio
730 1724 815 1766 Sala
833 1738 972 1775 magno
1000 1725 1137 1774 proelio
1171 1727 1340 1768 decerta<

54 1797 163 1835 runt,
194 1789 319 1827 minus
341 1788 558 1838 ignoratur3
590 1787 769 1826 Misniam
796 1788 831 1826 δε
860 1786 1054 1826 ssohemiae
1075 1797 1224 1837 partem
1250 1789 1340 1829 fuis-

54 1849 117 1898 se,
136 1850 283 1888 indiciis
306 1849 380 1900 illis
403 1848 693 1888 declarantibus.
719 1847 832 1897 Juxta
854 1849 1148 1888 Hermunduros
1171 1849 1339 1899 Naristi,

54 1913 197 1952 deinde
220 1913 486 1952 Marcomanni
513 1914 547 1952 ἃ
577 1912 705 1962 Quadi
735 1912 909 1962 agebant.
946 1911 1122 1952 Nariscos
1159 1912 1336 1952 Voitlan-

52 1974 159 2013 'diam
200 1973 507 2023 superioremque
543 1973 797 2013 Palatinatnm
831 1973 1003 2013 habuisse
1037 1982 1205 2023 putant,
1244 1987 1334 2015 cum

52 2033 396 2079 Transdanubiana
425 2035 581 2083 Bojariae
609 2034 797 2084 portione.
836 2035 920 2074 Nec
956 2033 1141 2072 absonum
1172 2033 1249 2081 est,
1287 2034 1337 2073 ab

54 2095 116 2134 his
131 2095 204 2134 ess'e
220 2095 451 2134 vocabulum
475 2096 644 2146 regioni,
661 2107 775 2144 qnam
789 2094 1049 2145 Nordgaviam
1069 2103 1230 2143 vocant,
1245 2106 1337 2135 cum.

43 2157 100 2200 ,ab
129 2157 343 2196 incolarum
366 2157 481 2209 vulgo
511 2159 636 2196 Narca
660 2158 892 2195 nominetur.
1219 2151 1222 2155 ’

102 2220 218 2278 XIX.
238 2221 454 2262 Moraviam
475 2220 758 2260 Marcomannis
783 2219 894 2258 fuisse
908 2218 1090 2292 patriam,
1108 2217 1333 2269 priusquam

99 2344 121 2385 ,8
146 2344 239 2377 XVI.
255 2345 365 2378 Tacit.
389 2346 501 2380 Germ.
520 2358 547 2378 e.
568 2357 623 2386 40.
641 2346 678 2378 Β.
698 2344 852 2379 Rhenan'.
869 2345 955 2378 Beda
968 2344 1042 2378 hist.
1060 2344 1158 2387 Angl.
1180 2342 1335 2386 §XVIL‘

56 2388 164 2431 Cyzp.
195 2390 234 2421 de
262 2400 347 2432 orig.
371 2392 448 2425 Sax.
491 2392 513 2437 §
538 2391 661 2428 xvm.
683 2390 794 2425 Tacit.
813 2390 929 2425 Germ.
957 2401 986 2426 c.
1007 2399 1069 2433 13,
1091 2389 1333 2428 Plin.4,121

50 2432 174 2477 Nellej
202 2433 348 2469 Altiam
