1675 2959
275 139 352 185 IN
392 136 556 184 LOC.
603 134 740 182 LIB.
783 135 895 182 CXI
926 137 1069 184 LIV.
1244 137 1333 198 361

60 244 141 294 set,
170 245 207 284 δε
229 257 319 285 cum
343 258 389 283 eo
415 240 521 293 loqui
547 243 593 283 T.
617 243 809 283 Labienus
832 243 1004 294 coepiffet
1019 274 1030 292 ,
1056 256 1106 282 ex
1130 244 1337 293 improviso

61 306 139 345 tela
166 306 251 345 sunt
284 308 322 345 in
352 306 546 344 Vatinium
581 308 778 354 conjefta:
813 319 896 355 quae
928 305 992 344 ille
1024 305 1189 344 militum
1222 307 1340 344 armis

61 368 254 417 protectus
289 368 436 405 vitavit,
478 367 725 405 centuriones
759 365 905 416 aliquot
939 365 1156 416 militesque
1185 364 1342 404 Caesaris

61 428 249 468 vulnerati
284 427 394 477 sunt,
429 428 669 468 exclamante
695 428 886 476 Labieno,
915 429 1053 480 definite
1083 442 1162 480 ergo
1182 429 1224 465 de
1250 442 1343 465 com-

54 491 223 544 positione
248 488 358 540 loqui.
380 502 460 526 nam
484 489 608 535 nohis,
629 490 698 540 nisi
718 489 826 528 relato
858 491 1000 542 Caesaris
1021 490 1156 541 capite,
1182 503 1262 541 pax
1277 487 1344 539 eff?

59 552 161 590 nulla
183 553 303 603 potest.
358 549 498 591 Iisdem
536 551 777 600 temporibus
809 551 942 590 Romae
971 552 1012 592 L.
1038 550 1184 591 Coelius
1217 549 1342 589 Rufus

59 622 222 663 praetor,
257 623 440 650 novarum
475 623 598 649 rerum
625 613 823 650 materiam
847 613 1063 662 quaerebat,
1105 626 1184 652 non
1209 623 1343 651 amore

58 674 279 724 reipublicae
293 704 304 722 ‚
320 682 385 711 aut
401 674 505 723 quod
522 686 674 723 aequurn
703 673 800 720 effe,
828 676 933 725 quod
955 676 1091 726 agebat
1107 705 1120 724 ,
1143 674 1313 714 crederet
1328 703 1343 722 ‚

59 734 126 773 sed
150 734 283 775 dolore
309 742 421 784 atque
443 735 712 784 indignatione
732 745 859 774 motus
876 767 886 784 ,
907 737 1002 776 ficut
1028 737 1109 788 ipse
1132 735 1342 776 confiteba-

61 805 133 835 tur.
159 797 289 836 Homo
315 805 393 834 erat
415 795 566 845 eloquio
590 798 796 846 animoque
823 799 981 838 Curioni
1013 792 1245 845 simillimus,
1271 809 1343 835 cu-

60 860 121 911 jus
146 860 260 897 etiam
285 858 467 908 pellectus
491 859 687 907 amicitia,
718 862 754 899 &
779 861 869 899 odio
897 862 1032 911 Appii,
1060 874 1176 911 quem
1197 859 1342 899 sciebat

59 921 101 960 in
126 921 278 961 diverfis
304 922 475 971 partibus
498 922 603 969 fore,
630 923 680 962 ad
708 923 892 962 Caesarem
918 923 1026 962 simul
1051 937 1099 962 ex
1129 922 1225 962 urbe
1256 935 1344 971 pro-

58 983 234 1034 fugerat3
265 984 382 1034 idque
404 984 454 1023 ob
475 986 650 1024 meritum
674 995 877 1036 praeturam
905 1000 1027 1037 nuper
1053 996 1133 1025 erat
1159 985 1344 1024 consecu-

63 1053 136 1085 tus.
170 1047 246 1086 Sed
271 1048 359 1097 quia
381 1047 423 1087 C.
438 1048 676 1091 Trebonium
698 1058 900 1098 praetorem
924 1049 1113 1088 urbanum
1139 1061 1218 1086 non
1242 1046 1343 1094 sors,

59 1105 125 1145 sed
146 1106 266 1146 Caesar
287 1105 490 1155 effecerat,
516 1108 698 1148 omnibus
730 1110 768 1147 in
787 1110 899 1149 rebus
925 1110 980 1149 illi
999 1109 1034 1148 se
1060 1122 1258 1160 opponere
1285 1110 1345 1147 in-

59 1167 188 1207 stituit.
223 1167 300 1208 Nifi
329 1168 426 1207 forte
454 1168 572 1208 homo
599 1170 888 1220 ingeniofiffime
916 1184 1109 1222 nequam,
1141 1171 1243 1221 quasi
1269 1170 1344 1208 ho-¹

59 1230 263 1269 nestiorem
293 1229 393 1269 hanc
418 1230 570 1270 causam
602 1234 830 1282 praetexuit,
861 1234 989 1282 potius
1012 1233 1093 1270 aeris
1116 1231 1231 1271 alieni
1261 1244 1345 1270 ma-

62 1293 285 1344 gnitudine,
311 1301 354 1332 ut
376 1293 441 1332 alii
470 1293 606 1342 multi,
630 1296 678 1333 ad
699 1308 754 1334 res
774 1296 971 1335 novandas
993 1294 1206 1345 impulsu83
1236 1294 1344 1345 quod

60 1355 195 1396 servari
225 1355 262 1394 se
288 1355 393 1406 posse
417 1356 457 1394 in
486 1357 567 1395 otio
592 1357 826 1408 desperabat.

116 1417 259 1457 XVIII.
290 1417 442 1457 Idcirco
469 1418 648 1457 tribunali
676 1422 789 1469 juxta
819 1419 948 1459 sellam
980 1419 1025 1458 C.
1047 1417 1231 1459 Trebonii
1265 1416 1346 1456 col-

61 1479 190 1518 locato
207 1509 219 1526 ,
237 1480 275 1530 fi
302 1480 382 1531 quis
416 1480 640 1533 appellaffie‚
668 1482 811 1519 auxilio
833 1482 912 1533 fhre
936 1480 1190 1531 pollicebatur
1216 1480 1347 1518 debito-

61 1542 168 1580 ribus.
205 1541 281 1580 Sed
307 1541 395 1591 quia
423 1541 638 1581 Trebonius
661 1544 768 1591 juxta
791 1543 943 1582 Caesaris
971 1543 1172 1581 constituta
1197 1541 1346 1590 judica.

63 1603 151 1651 bat,
176 1601 440 1652 summamque
464 1602 503 1641 In
528 1603 707 1642 omnibus
732 1605 953 1654 aequitatem
975 1612 1089 1653 atque
1114 1602 1347 1642 moderatio-

61 1679 152 1707 nem
177 1664 414 1713 adhibebat,
445 1677 560 1703 nemo
595 1675 767 1715 repertus
791 1667 868 1714 est,
898 1666 963 1716 qui
990 1664 1183 1716 appellare
1213 1664 1346 1704 vellet.

62 1726 112 1767 Iis
141 1726 243 1764 enim
280 1726 516 1776 temporibus
544 1728 719 1766 nondum
746 1737 851 1767 tanta
879 1727 1077 1778 quisquam
1105 1735 1185 1765 erat
1216 1727 1347 1775 impu-

62 1787 219 1835 dentia,
244 1798 309 1834 ut,
335 1798 423 1825 cuni
451 1787 487 1826 se
518 1788 658 1828 debere
682 1789 888 1838 fateretur,
915 1791 1077 1839 integras
1100 1797 1229 1828 tenere
1255 1786 1346 1838 posa

61 1849 238 1888 sessiones
260 1847 344 1887 suas
368 1848 585 1898 postularet.

117 1911 228 1950 XIX.
262 1910 412 1949 Idcirco
439 1911 606 1961 Coelius,
633 1926 683 1952 ne
714 1913 814 1952 nihil
837 1913 1005 1953 effecisse
1039 1914 1256 1961 videretur,
1288 1911 1345 1950 le-

63 1984 151 2023 gem
174 1971 464 2022 promulgavit,
485 1975 635 2026 sexenni
660 1977 738 2023 die,
761 1978 838 2027 fine
867 1978 1004 2029 usuri-s,
1038 1977 1169 2014 credine
1190 1975 1346 2028 pecuniae

55 2033 282 2086 fialveremur.
320 2033 365 2072 ld
391 2047 542 2083 quoque
564 2048 704 2074 vanum
725 2037 923 2087 inceptum
956 2038 1048 2084 fuit,
1079 2036 1235 2077 consule
1259 2038 1346 2076 Ser-

60 2093 178 2140 vilio,
212 2094 564 2146 magistratibusque
597 2097 752 2147 reliquis
788 2100 1100 2149 repugnantibus.
1132 2099 1234 2138 Tum
1256 2098 1346 2136 Coe-

62 2153 159 2202 lius,
185 2167 229 2192 ea
253 2154 337 2205 lege
358 2155 523 2203 sublata,
549 2158 641 2196 duas
664 2158 921 2209 promulgavit
945 2173 1081 2200 novas:
1112 2173 1254 2206 unam,
1270 2171 1347 2208 qua
1401 2190 1403 2193 .

62 2218 228 2256 mercedes
251 2219 507 2256 habitationum
529 2235 667 2257 annuas
692 2223 949 2259 condueloribus
969 2223 1161 2269 donabam
1186 2221 1345 2261 alteram

62 2277 258 2315 tabularum
283 2294 461 2318 novarum.
501 2281 595 2320 Haec
626 2284 663 2321 Sc
684 2291 788 2333 grata
819 2284 1058 2323 tenuioribus
1092 2294 1196 2331 erat,
1231 2285 1267 2322 &
1293 2282 1344 2320 ab

66 2403 365 2492 ῗὲἱέζνὲἓίίὶν.
396 2407 485 2450 Epit.
520 2408 592 2445 cic„
621 2408 725 2444 famil.
755 2409 795 2450 8,
824 2419 873 2450 ¹17³
902 2409 1025 2453 Veste}-
1059 2410 1080 2454 ξ
1107 2409 1237 2444 XVIII,
1263 2408 1345 2445 Dico
