1675 2959
311 138 393 185 IN
437 138 799 186 LOC.LIB.
851 136 955 184 CIV
989 139 1133 188 LIV.
1289 141 1379 207 189

102 246 179 294 let,
198 246 341 285 eaedem
361 246 409 284 de
423 246 572 295 integro
599 243 841 284 difficultates
863 257 997 283 omnes
1024 243 1242 294 superandae
1257 255 1378 289 erant.

99 307 170 347 His
209 307 344 357 gestis,
372 319 461 345 cum
493 307 616 355 major
650 319 734 356 pars
772 305 905 344 aestatis
938 305 1180 355 praeteriffet‚
1217 308 1379 348 tandem

99 382 188 408 cum
214 368 347 417 classe,
373 382 487 418 quam
514 369 633 408 Caesur
661 370 701 409 in
727 368 845 418 Ligeri
873 367 992 406 fluvio
1023 367 1287 408 aedificandam
1311 381 1380 409 cu.

98 439 265 477 triverat,
293 429 338 470 D.
362 430 498 469 Brutus
525 429 748 469 adolescens
779 428 944 467 advenit.

153 490 314 530 XCVII.
356 491 562 530 Exiverunt
600 498 732 528 contra
763 489 911 527 circiter
943 488 1118 528 ducentae
1140 489 1271 540 viginti
1300 489 1382 530 lio-⁸

96 549 209 589 stium
236 563 373 599 naves,
398 550 612 601 proelioque
635 547 861 596 commisso,
884 547 995 586 rebus
1022 549 1200 588 omnibus
1226 549 1380 591 inferio-

97 624 155 650 res
185 604 370 660 Romani,
399 621 647 663 praeterquam
671 612 774 661 quod
802 612 918 649 virtus
949 610 1115 650 militum
1143 613 1178 652 ἀ
1206 612 1380 653 celeritas

94 674 253 712 navium
296 675 455 720 aderat,
493 674 610 712 falces
642 681 846 724 praeaeutus
884 672 1068 722 longuriis
1100 672 1227 711 affixas
1265 672 1381 712 adhi-

96 733 285 784 buerunt,
322 737 356 774 Sc
389 735 521 784 funes,
560 734 698 785 quibus
736 744 911 773 antennae
949 734 998 772 ad
1030 732 1150 773 malos
1183 735 1378 775 destinatae

95 804 229 844 erant,
265 805 520 847 amputarunt.
564 796 610 837 Id
647 809 735 835 cum
764 795 854 834 effet
884 795 1050 843 factum,
1080 798 1116 835 6<
1145 795 1227 836 vela
1253 807 1381 843 arma-j

96 867 302 907 meritaque
317 858 547 898 Gallicarum
569 857 748 905 navium,
765 858 804 895 in
821 856 954 907 quibus
978 859 1103 895 omnis
1127 857 1208 907 spes
1229 858 1376 909 fuerat,

92 920 245 960 inutilia
279 921 436 969 fierent3
476 920 647 971 plurimae
679 932 792 958 naves
828 930 1077 969 expugnatae,
1115 922 1218 970 quod
1251 920 1377 962 subita

94 983 257 1022 malacia
285 986 320 1022 δε
349 982 601 1033 tranquillitas
634 983 745 1021 maris
771 983 882 1020 etiam
908 982 1005 1032 fugae
1031 982 1255 1023 facultatem
1282 999 1375 1035 prm-

93 1043 246 1082 ciderat.
270 1044 381 1083 Hanc
402 1057 569 1095 pugnam
599 1044 744 1084 deditio
770 1045 893 1095 gentis
914 1044 1051 1084 secuta.
1076 1046 1234 1085 Senatus
1252 1048 1376 1086 omnis

94 1112 277 1143 necatus:
318 1105 432 1143 ceteri
463 1104 530 1144 sub
561 1106 702 1144 corona
726 1106 871 1145 venditi
899 1104 994 1147 sunt.
1029 1106 1097 1145 Per
1121 1106 1257 1145 eadem
1278 1116 1378 1146 tem.

92 1178 186 1216 pora
219 1178 277 1204 res
315 1166 362 1205 ab
396 1165 527 1216 legans
566 1166 717 1206 Caesaris
748 1168 828 1217 pari
862 1167 1014 1206 fortuna
1045 1168 1085 1205 in
1122 1166 1202 1206 aliis
1232 1167 1375 1207 Gallia-

93 1239 178 1265 rum
204 1227 372 1277 partibus
404 1229 524 1278 gestae.
546 1229 583 1268 P.
612 1228 780 1268 Crassum
809 1241 898 1269 oum
929 1228 1134 1268 duodecim
1156 1227 1376 1279 legionariis

94 1287 342 1337 cohortibus,
374 1292 408 1329 &
444 1302 584 1340 magno
621 1303 781 1329 numero
827 1291 1013 1341 equitatus
1052 1291 1092 1329 in
1129 1291 1376 1341 Aquitaniam

93 1348 272 1397 miserat,
304 1362 351 1388 ne
375 1362 418 1389 ex
453 1349 513 1389 his
545 1351 766 1391 nationibus
798 1352 935 1392 auxilia
975 1352 1023 1392 ad
1045 1352 1205 1391 rebelles
1241 1353 1373 1393 Gallos

62 1410 69 1411 ’
90 1411 281 1450 venirent.

144 1472 322 1513 XCVIII.
350 1473 385 1513 Is
406 1487 534 1525 pugna
567 1487 654 1513 cum
681 1475 915 1515 Sontiatibus
931 1476 1075 1524 vietor,
1097 1476 1282 1526 oppidum
1305 1489 1368 1516 e0÷¹

89 1545 176 1572 rum
202 1541 401 1584 totamque
427 1546 578 1585 gentem
606 1537 645 1574 in
670 1537 905 1575 deditionem
933 1538 1106 1586 accepit:
1132 1538 1221 1576 inde
1247 1542 1369 1579 maxi-

89 1607 172 1634 mas
207 1597 482 1646 Aquitanorum
513 1599 869 1649 Cantabrorumque
903 1600 1060 1649 copias,
1094 1602 1266 1650 quamvis
1292 1604 1373 1641 mi-

74 1656 185 1698 ‘iitiae
220 1659 337 1699 duces
367 1660 554 1700 haberent
585 1661 852 1713 peritiffimos,
890 1664 955 1712 qui
987 1662 1055 1702 sub
1093 1664 1261 1703 Sertorio
1300 1666 1368 1704 diu

89 1731 329 1771 meruerant,
358 1723 410 1761 ita
434 1723 597 1772 cecidit,
616 1733 656 1763 ut
677 1736 724 1763 ex
749 1725 1024 1775 quinquaginta
1048 1725 1210 1765 millium
1238 1741 1371 1767 nume-

88 1795 131 1820 ro
158 1783 219 1821 vix
243 1793 371 1834 quarta
398 1798 482 1836 pars
506 1785 719 1836 superesset.
755 1788 809 1827 Ea
832 1787 990 1826 vietoria
1015 1786 1234 1838 pleramque
1254 1790 1368 1840 Aqui·

89 1845 233 1883 taniam
268 1846 414 1896 redegit
452 1847 501 1885 ad
543 1846 695 1885 Caesaris
727 1847 988 1900 obsequium:
1031 1861 1161 1898 paucae
1197 1851 1370 1892 civitates

89 1914 268 1955 tempore
298 1907 409 1954 anni,
439 1907 541 1956 quod
566 1906 688 1946 hiems
716 1907 899 1957 instabat,
924 1911 959 1948 Sc
986 1911 1075 1959 quia
1097 1919 1203 1948 erant
1228 1910 1275 1949 ab
1299 1911 1369 1950 ho-

88 1967 141 2006 ste
158 1967 431 2016 remotissimae,
452 1968 596 2018 legatos
617 1969 838 2021 obfidesque
858 1971 1007 2010 mittere
1024 1971 1280 2021 neglexerunt.
1307 1973 1367 2012 Ab

89 2028 162 2067 alia
187 2037 291 2078 parte
317 2030 358 2069 C.
382 2030 552 2069 Titurius
580 2030 764 2079 Sabinus,
792 2044 906 2081 quem
924 2030 1066 2079 Caesar,
1093 2031 1212 2070 tribus
1236 2031 1368 2083 legio-

88 2090 202 2129 nibus
239 2091 360 2137 datis,
392 2091 430 2129 in
464 2090 643 2138 Unellos,
679 2091 948 2140 Curiosolitas,
978 2092 1242 2142 Lexobiosque
1278 2107 1367 2143 pro-¹

87 2150 204 2189 ficisci
232 2150 406 2200 jusserat,
432 2161 474 2189 ut
498 2150 579 2190 illas
609 2162 740 2200 gentes
763 2152 983 2198 distineret,
1006 2164 1095 2191 cum
1122 2152 1361 2193 simulatione

87 2212 233 2251 timoris
256 2213 535 2252 eo‘adduxisset
554 2213 699 2253 hostem
713 2245 723 2262 ,
738 2222 779 2252 ut
795 2215 842 2253 ad
858 2215 974 2254 castra
998 2217 1257 2265 oppugnanda
1280 2215 1362 2257 suc=

89 2273 267 2321 cederet,
295 2273 417 2313 subita
440 2275 642 2325 eruptione
668 2275 897 2326 profligavit.
937 2276 1108 2316 civitates
1135 2273 1268 2315 omnes
1294 2276 1365 2315 sta-

138 2391 158 2433 §
183 2390 309 2425 XCVI.
334 2393 476 2426 Sueton.
500 2395 534 2426 in
559 2394 656 2429 Caes..
671 2407 700 2428 c.
723 2406 776 2436 24.
798 2396 886 2429 Plut.
902 2397 936 2429 In
951 2397 1026 2429 Cat.
1050 2408 1079 2429 c.
1103 2397 1154 2437 56.
1176 2397 1197 2443 §
1217 2398 1362 2439 XCVHj

91 2434 183 2470 Piut.
206 2436 242 2469 ‘m
271 2435 356 2470 Caes.
385 2438 530 2482 Appian.
553 2440 646 2476 civil.
668 2442 691 2476 1.
713 2451 744 2475 2.
770 2430 842 2479 Cic.
868 2441 907 2475 ad
940 2441 984 2485 Q.
1003 2441 1098 2477 fratr.
1113 2451 1154 2483 2,
1173 2453 1205 2478 22

179 2554 196 2581 t·
