1675 2959
269 152 362 215 336
431 150 529 196 JO.
576 148 1078 195 FREINSHEMII
1120 147 1483 198 SUPPLEM.

267 258 341 305 estsg
362 265 408 296 ut
435 258 519 297 duae
555 256 729 308 legiones
754 255 906 294 Caesaris
932 256 1227 305 antecederent,
1256 264 1390 296 ceterae
1417 256 1547 307 seque-

260 320 420 366 rentur,
444 319 485 357 in
509 319 640 357 medio
668 316 860 356 Afraniani
891 315 1033 363 essent,
1061 318 1097 356 δε
1125 325 1231 356 terna
1256 318 1372 356 castra
1395 319 1433 356 in
1458 318 1549 356 vici-

266 393 319 420 no
348 388 592 431 ponerentur.
630 378 704 419 Ubi
735 386 961 427 perventum
989 379 1037 416 ad
1062 379 1226 427 Varum,
1258 380 1422 430 reliquus
1441 388 1553 418 exer-·

267 445 369 483 citus
404 441 573 481 dimiss'us
601 441 664 480 est.
709 439 835 478 Duces
873 451 961 477 cum
984 439 1249 493 insignioribus
1279 445 1548 482 centurionum

270 508 308 546 ἃ
337 504 502 544 militum
531 503 580 542 ad
605 502 834 552 Pompejum
862 502 1024 551 proferiti
1055 502 1164 551 sunt3
1197 504 1358 543 aliorum
1391 516 1552 554 magnus

267 578 450 606 numerus
468 594 479 612 ‚
506 563 678 603 feliciora
700 562 868 613 auspicia
891 562 994 612 sequi
1016 574 1140 603 certus
1155 595 1168 613 ‚
1188 564 1421 605 sacramento
1448 565 1553 616 apud

269 625 455 668 Caesarem
479 625 591 664 dixit.
624 623 769 670 Caesar‚
788 623 848 662 his
870 623 981 663 rebus
1008 625 1115 675 gestis
1130 654 1141 673 ,
1170 638 1399 675 quamquam
1424 625 1553 664 multis

268 686 494 738 magnisque
519 686 635 725 causis
669 686 706 724 in
727 685 875 725 Italiam
898 687 1170 735 revocabatur,
1198 696 1348 734 tamen,
1375 687 1441 725 nisi
1465 699 1554 737 per-

270 757 407 801 pacata
430 748 616 798 Hispania
632 779 646 795 ,
669 747 856 786 excedere
882 746 1068 796 nolebat3
1094 748 1257 796 veritus,
1283 738 1371 798 {uia
1398 749 1439 787 in
1464 749 1556 786 cite-

269 814 367 852 riore
392 811 588 862 provincia
620 811 806 849 maximas
833 809 1027 849 clientelas
1062 811 1266 860 Pompejus
1290 809 1484 859 habebat,
1509 821 1559 848 ne

270 876 412 914 iterum
437 872 582 912 bellum
610 873 746 922 ingens
773 870 972 909 exsisteret.

327 936 516 977 XXXVI.
546 935 698 974 Idcirco
724 935 771 984 Q.
794 932 918 972 Caffio
940 931 1117 982 Longino
1141 932 1295 972 tribuno
1323 931 1444 982 plebis
1468 942 1560 972 cum

270 997 422 1038 duabus
447 997 663 1048 legionibus
686 994 874 1045 praemiii'o
890 1025 902 1042 ,
929 994 1009 1044 ipse
1025 994 1222 1033 sexcentos
1247 994 1393 1044 equites
1412 995 1561 1043 magnis

275 1061 481 1100 itineribus
525 1060 632 1098 ducit
671 1057 891 1098 Cordubam
918 1087 930 1105 ,
967 1071 1043 1107 quo
1081 1057 1286 1096 convenire
1326 1056 1561 1106 magistratus

273 1121 543 1171 principesque
577 1119 783 1169 provinciae
819 1117 983 1166 jufferat.
1037 1118 1154 1157 Nulla
1185 1119 1264 1156 fuit
1293 1118 1449 1165 civitas,
1478 1129 1562 1167 quae

273 1183 502 1222 detrectaret
535 1180 753 1230 imperium.
796 1177 939 1216 Contra
962 1178 1147 1223 Varroni,
1177 1179 1242 1227 qui
1268 1177 1452 1217 hactenus
1475 1189 1562 1216 eam

273 1243 512 1295 provinciam
529 1242 767 1288 obtinuerat,
795 1242 829 1280 St
856 1239 1060 1290 completis
1084 1239 1230 1279 duabus
1255 1240 1471 1291 legionibus
1493 1240 1561 1278 tri-

275 1305 381 1355 ginta
406 1303 584 1341 cohortes
607 1301 739 1340 alarias
755 1300 947 1348 adjecerat
964 1330 976 1347 ,
995 1299 1120 1338 subito
1145 1300 1279 1339 infesta
1302 1301 1432 1339 omnia
1452 1300 1562 1341 fiunt.

276 1364 547 1405 Cordubenses
568 1363 781 1414 praefidium
800 1362 847 1400 ab
872 1375 917 1400 eo
943 1361 1092 1400 miffum
1107 1392 1118 1408 ‚
1142 1362 1180 1400 in
1204 1362 1268 1401 sua
1291 1363 1474 1413 potestate
1497 1361 1567 1401 ha-

276 1428 397 1475 bent3
426 1424 702 1466 Carmonenses
733 1425 903 1473 ejiciunt.
949 1425 1066 1463 Varro
1106 1425 1230 1464 Gades
1267 1426 1321 1464 ire
1350 1425 1565 1464 destinave-

275 1497 357 1536 rat,
384 1490 425 1527 in
457 1500 500 1527 ea
522 1486 674 1534 insula,
703 1487 899 1525 frumento
930 1486 1164 1536 navibusque
1192 1488 1444 1538 comparatis,
1475 1487 1562 1526 duci

277 1550 424 1590 bellum
463 1549 568 1600 posse
595 1560 724 1598 ratus;
757 1549 979 1600 oppidoque
1019 1550 1060 1588 C.
1084 1550 1307 1590 Gallonium
1336 1551 1563 1590 familiarem

275 1612 438 1653 Domitii
453 1612 683 1662 praefecerat.
711 1611 785 1651 Sed
800 1612 844 1659 is,
862 1611 1139 1651 Gaditanorum
1155 1613 1269 1652 minis
1292 1613 1456 1659 territus,
1479 1625 1565 1662 pro—

278 1674 391 1723 fugit.
425 1674 582 1712 V'arroni
615 1685 702 1711 cum
742 1673 907 1712 Gadium
939 1684 1052 1723 atque
1090 1673 1207 1714 Italiae
1246 1674 1450 1725 praeclusus
1484 1675 1567 1714 adi-

279 1745 343 1776 tus
364 1736 477 1785 effer,
506 1740 541 1776 δ’(
565 1748 638 1776 una
655 1735 756 1787 legio
774 1749 819 1775 ex
845 1736 1016 1784 duabus,
1046 1736 1127 1787 ipso
1151 1738 1406 1788 inspectante,
1434 1735 1571 1776 disces-

280 1797 378 1838 fiffet
408 1811 429 1837 e
461 1798 612 1845 castris,
645 1796 800 1837 alteram
818 1829 830 1845 .,
860 1810 948 1836 cum
981 1798 1146 1847 publicis
1174 1800 1408 1847 rationibus,
1437 1802 1473 1840 δε
1502 1811 1571 1850 pe-

282 1854 420 1907 cuniass,
448 1873 562 1910 quam
591 1859 780 1907 habebat,
797 1859 928 1898 Caesari
952 1859 1162 1899 transdidit.

335 1921 544 1967 XXXVII.
570 1920 715 1967 Caesar,
744 1921 868 1960 Gades
895 1921 1115 1971 profectus,
1138 1921 1309 1973 pecunias
1336 1932 1571 1959 monumenta-

281 2001 344 2038 que
371 1985 488 2038 referri
515 1986 552 2022 in
575 1984 736 2037 templum
758 1984 927 2022 Herculis
949 1984 1078 2033 jubet,
1103 1997 1186 2033 quae
1208 1993 1316 2022 erant
1345 1983 1436 2021 inde
1471 1981 1570 2031 juffu

288 2050 462 2088 Varronis
476 2048 689 2098 depromta.
720 2046 917 2086 Gaditanis
940 2047 1136 2085 civitatem
1160 2047 1378 2086 Romanam
1401 2046 1490 2092 dat3
1515 2044 1571 2082 id-

285 2124 361 2161 que
394 2109 624 2149 beneficium
657 2108 786 2158 postea
827 2107 993 2158 populus
1032 2108 1229 2147 Romanus
1263 2106 1397 2146 habuit
1436 2116 1570 2144 ratuni.

285 2173 494 2212 Provincia:
523 2173 573 2221 Q.
597 2171 741 2210 Caliius
771 2170 998 2220 praeficitur,
1028 2172 1132 2220 quod
1155 2170 1313 2220 quaestor
1336 2168 1430 2208 olim
1464 2168 1571 2207 Pom-

287 2236 363 2283 peji
398 2233 521 2283 gentis
554 2245 678 2271 mores
708 2232 952 2282 perdidicisse
981 2233 1226 2280 credebatur3
1265 2232 1379 2281 eique
1402 2230 1573 2280 legiones

287 2305 450 2342 quatuor
486 2292 755 2331 attribuuntur.
799 2293 953 2332 Nemini
992 2292 1069 2330 ulla
1105 2292 1147 2330 fit
1182 2305 1202 2330 a
1234 2291 1377 2331 Caesare
1409 2290 1575 2338 injuria,

289 2364 539 2404 praeterquam
569 2354 672 2402 quod
697 2354 859 2403 pecunia
887 2353 1212 2403 ubiquegrandis
1245 2352 1477 2404 exigebatur.
1503 2350 1574 2391 His

317 2468 357 2514 5
385 2468 527 2505 XXXV.
549 2468 697 2514 Appiam.
717 2468 813 2502 civil.
837 2458 858 2500 li
878 2478 908 2502 2.
937 2465 1022 2503 (ξεί.
1045 2463 1127 2500 Dio.
