1675 2959
290 86 369 132 IN
419 83 585 131 Loc.
631 82 765 127 ΜΒ.
814 80 923 127 cix
976 81 1111 127 mv,
1159 75 1161 81 ·
1265 89 1361 144 3035

80 203 156 241 qua
171 189 332 240 suspicio
349 190 535 234 oriretur,
558 186 788 237 gladiatores
817 184 1093 235 perspectavit,
1116 185 1151 223 ἃ
1166 184 1329 224 formam
1342 203 1363 235 ,-

82 259 156 301 qua
186 250 322 289 ludum
348 258 428 288 erat
459 247 733 294 aedificaturus,
759 247 947 297 inspexit,
969 249 1005 286 ἃ
1039 258 1088 285 ex
1118 246 1361 287 consuetudi..

78 323 130 350 ne
157 311 376 349 convivium
412 309 590 359 frequens
625 307 805 358 ingressus
837 307 912 355 est3
942 306 1008 346 sed
1042 307 1250 357 incipiente
1287 322 1361 348 no·-

84 375 145 412 fie
169 372 390 420 discedens,
414 381 596 421 tanquam
621 370 754 410 leviter
777 369 914 409 affecto
942 381 1124 419 corpore,
1157 370 1194 408 ἃ
1218 370 1364 410 reditu-

80 446 166 481 rus,
193 435 357 473 comiter
392 432 632 483 compellatis
664 432 855 478 convivis,
887 443 1030 481 paucos
1068 430 1280 469 amicorum
1307 431 1362 470 se.

80 506 188 534 creto
218 497 396 543 monuit,
422 507 460 533 ut
490 509 566 533 cum
594 493 765 544 equitibus
799 493 896 529 alius
926 492 1002 530 alia
1029 492 1092 530 via
1113 493 1364 545 sequerentur:

80 556 303 606 mulisquee
327 557 502 606 proximo
522 554 676 604 pistrino
695 553 743 591 ad
765 552 1003 590 meritorium
1030 551 1250 591 vehiculum
1276 555 1362 601 jun-

82 618 151 657 ctis
167 648 179 667 ‚
201 630 288 656 cum
302 648 312 666 ‚
329 617 433 656 aliud
449 618 518 655 iter
540 614 720 665 ingreffus
734 644 746 660 ‚
763 613 877 664 paulo
903 614 987 664 post
1012 614 1060 653 ad
1077 614 1360 659 Ariminensem

82 682 185 722 viam
220 682 412 721 exstitistis
444 679 654 719 luminibus
685 678 928 726 deflecteret,
955 690 1024 728 per
1056 677 1245 728 impedita
1277 677 1365 718 loca

83 743 154 782 diu
187 743 386 782 oberravit.

138 804 221 844 XL.
252 805 330 843 Sub
355 803 480 842 lucem
503 802 645 842 deinde
670 802 769 840 duce
796 807 972 850 reperto,
1000 813 1067 850 per
1092 800 1368 850 angustissimos

86 866 258 904 tramites
287 867 404 915 pedes
432 864 566 909 evasit3
599 861 874 914 praemiffasque
900 861 1097 899 corhortes
1126 863 1224 901 circa
1247 863 1371 903 Rubi-

85 940 226 967 conem
250 929 436 967 ass'ecutus
461 925 523 963 est.
552 922 746 963 Fluviolus
768 923 797 962 is
828 924 1006 964 modicus
1031 924 1083 962 est
1107 925 1206 963 inter
1224 925 1373 964 Raven-

83 998 175 1024 nam
205 987 239 1024 &
266 988 507 1034 Ariminum,
530 985 650 1024 hodie
673 994 832 1025 vocatur
858 986 1077 1030 Pil'ciatello.
1114 987 1189 1023 Sed
1217 989 1372 1028 maiori-

84 1048 157 1088 bus
185 1046 262 1086 hoc
288 1049 451 1087 termino
479 1047 642 1087 Galliam
667 1047 714 1086 ab
741 1044 852 1085 Italia
877 1042 1136 1085 discriminare
1158 1042 1368 1093 placuerat.

85 1107 176 1147 Viso
194 1108 414 1156 Rubicone,
430 1109 599 1157 primum
617 1108 782 1146 substitit
804 1103 950 1152 Caesar,
973 1112 1155 1153 quantam
1180 1105 1371 1148 bellorum

85 1168 228 1208 molem
258 1168 432 1208 transitus
456 1168 521 1207 hic
551 1168 740 1206 exc-iturus
767 1165 878 1214 esset,
907 1174 1084 1215 reputans
1108 1179 1117 1205 :
1149 1167 1370 1208 conversus-

84 1243 160 1281 que
185 1232 234 1270 ad
255 1232 477 1281 proximos,
503 1242 597 1279 quos
615 1230 713 1267 inter
732 1230 765 1268 ἃ
781 1228 924 1268 Asinius
944 1228 1068 1269 Pollio
1083 1229 1238 1276 aderat,
1263 1233 1370 1270 etiam

84 1307 203 1341 nunc,
232 1291 377 1342 inquit,
404 1291 531 1342 regredi
547 1290 750 1342 poffumus:
773 1290 867 1341 quod
890 1290 929 1340 fi
948 1289 1166 1341 ponticulum
1193 1293 1374 1342 transieri-

86 1369 187 1404 mus,
210 1356 327 1392 omnia
355 1353 463 1390 armis
493 1353 628 1404 agenda
654 1363 765 1390 erunt.
796 1352 869 1389 Sed
892 1351 978 1402 quid
1000 1365 1127 1403 agam,
1145 1354 1185 1403 fi
1206 1355 1371 1403 transstus

85 1430 180 1454 meus
207 1416 358 1453 humano
377 1415 493 1466 generi
516 1413 743 1465 calamitosus
762 1415 806 1465 est
819 1411 986 1463 ficturus,
1013 1414 1144 1451 reditus
1170 1415 1291 1454 mihi?

142 1475 246 1516 XLI.
277 1475 380 1515 Dum
404 1477 458 1514 ita
487 1476 686 1513 cunctatur
717 1473 858 1522 Caesar,
883 1475 1225 1525 repente'quidam
1253 1487 1374 1527 appaa

87 1540 165 1578 ruit
195 1539 234 1577 in
267 1539 447 1589 proximo
487 1549 626 1576 canens
666 1536 864 1575 arundine.
904 1549 1019 1586 quem
1053 1537 1102 1575 ad
1133 1539 1372 1579 audiendum

88 1601 376 1650 videndumque
398 1599 517 1652 (nam
549 1606 629 1637 erat
663 1597 932 1647 magnitudine
963 1599 998 1636 δι
1023 1596 1148 1636 forma
1175 1611 1256 1637 non
1288 1600 1373 1639 vul-

89 1661 195 1714 gari)
217 1673 304 1699 cum
337 1658 451 1697 multi
475 1671 522 1697 ex
548 1657 771 1697 stationibus
798 1656 938 1696 milites
966 1657 1231 1707 accurrissent,
1254 1659 1373 1698 inter»

89 1736 164 1774 que
189 1735 253 1761 eos
277 1723 314 1761 Sc
339 1730 570 1769 aeneatore83
596 1729 701 1770 rapta
725 1719 786 1758 ille
807 1719 898 1759 tuba
923 1720 1113 1770 procurrit
1136 1722 1177 1759 in
1202 1721 1371 1771 flumen,

91 1789 128 1826 δι
158 1785 303 1835 ingenti
332 1784 459 1834 spiritu
483 1783 677 1822 clafficum
701 1782 873 1830 exorsus,
901 1783 941 1821 in
962 1775 1118 1822 alteram
1141 1783 1262 1833 ripam
1288 1797 1374 1824 eva-

88 1847 145 1887 sit.
189 1847 291 1886 Tum
318 1845 463 1893 Caesar,
491 1857 612 1894 eatur,
640 1846 788 1894 inquit,
806 1859 873 1896 quo
896 1846 1051 1883 Deorum
1076 1846 1228 1898 ostenta,
1250 1845 1284 1883 δ’
1304 1847 1376 1885 ini-

90 1911 253 1963 micorum
282 1909 455 1959 iniquitas
477 1919 595 1946 vocat.
630 1907 731 1946 Jaffa
755 1905 836 1943 alea
863 1907 919 1958 est.
959 1904 1173 1956 Statimque
1202 1908 1372 1955 trajectis

91 1970 306 2017 militibus,
339 1969 435 2007 nihil
469 1977 638 2008 moratus
667 1968 864 2016 tenebras,
893 1967 1107 2007 Ariminum
1134 1970 1282 2020 pergit3
1314 1970 1373 2009 id-

93 2046 168 2084 que
194 2030 384 2082 oppidum
411 2029 477 2070 sub
509 2029 638 2069 lucem
661 2029 843 2080 ingressus
871 2037 1051 2079 occupat.

146 2095 268 2136 XLII.
298 2094 356 2134 lbi
385 2094 574 2133 concione
599 2092 766 2132 militum
793 2093 1003 2139 advocata,
1029 2089 1201 2130 tribunos
1228 2090 1373 2141 plebis,

92 2159 161 2209 qui
183 2156 276 2196 urbe
299 2155 392 2207 pulsi
414 2155 731 2206 supervenerant,
759 2154 954 2201 adhibuit,
974 2162 1017 2192 ut
1039 2161 1145 2192 erant
1163 2152 1283 2191 servili
1309 2153 1375 2192 ha..

23 2270 32 2279 ‚
93 2219 180 2259 bitu
200 2218 302 2256 teeti.
330 2217 424 2257 Haee
445 2225 525 2255 tam
551 2215 655 2255 foeda
677 2214 819 2265 species
846 2213 1005 2253 mirifice
1028 2214 1282 2252 inflammavit
1302 2214 1373 2252 nii-

142 2338 164 2381 §
188 2338 347 2372 XXXIX.
372 2339 516 2381 Appian.
537 2338 630 2370 civil.
652 2338 675 2370 l.
694 2349 724 2369 1.
747 2335 832 2369 Caes.
854 2335 945 2368 Plut.
965 2334 1068 2367 Oros.
1087 2335 1130 2378 6,
1151 2345 1203 2378 ¹5·
1225 2335 1370 2370 Sueton,

97 2381 121 2427 S
146 2383 217 2417 XL.
245 2382 336 2418 Plut.
359 2384 503 2428 Appian.
532 2384 672 2425 Sueten:
695 2382 717 2426 §
742 2381 828 2417 XLI.
850 2381 996 2427 Appiam
1015 2379 1108 2416 Piut.
