1675 2959
272 108 370 167 '260
437 118 1067 167 JO.FRE1NSHEM11
1113 118 1468 169 SUPPLEM.

274 227 463 277 rogandis,
486 226 722 277 pertulerunt
740 226 879 277 legem.
905 225 964 266 Ibi
987 239 1140 277 quoque
1157 235 1414 279 repugnatum
1438 228 1490 268 est
1515 228 1566 275 ab,

275 285 437 328 iisdem:
464 290 498 328 8:
520 289 614 328 Cato
629 320 639 336 ‚
657 301 736 327 non
761 289 839 336 jam
861 287 910 327 ad
933 286 1122 337 populum
1138 319 1149 336 ‚
1166 287 1229 329 sed
1249 290 1297 329 ad
1312 290 1564 340 Pompejum‚

275 345 453 388 sermone
475 349 658 389 converso
672 379 683 397 ,
698 351 810 402 ipsum
826 363 898 386 non
921 349 1133 401 intelligere,
1149 365 1222 402 quae
1235 351 1369 403 fizceret
1381 381 1392 400 ‚
1407 352 1567 391 testaba-

276 415 350 451 tur.
374 427 467 450 nunc
489 412 577 449 enim
594 426 664 449 non
685 411 723 448 in
744 421 926 448 ceterorum
944 410 1059 461 magis
1083 413 1226 463 capita,
1251 427 1353 464 quam
1359 414 1448 464 suos
1461 415 1567 467 ipfius

276 472 455 519 humeros,
478 473 640 525 Caefizrem
665 472 821 512 attollere
846 487 857 510 .·
884 484 959 512 cum
980 487 1018 510 eo
1042 473 1204 526 deinceps
1230 489 1353 521 onere,
1382 490 1457 514 cum
1482 491 1566 514 mox

273 535 422 586 gravius
444 536 547 586 ipfius
574 534 679 586 culpa
704 533 783 586 effe
794 534 932 588 fablum
945 564 957 582 ‚
982 548 1086 587 quam
1107 546 1147 573 ut
1163 534 1308 586 ferendo
1329 538 1567 577 amoliendam

272 596 337 648 cſje
351 596 476 648 poffit,
500 598 539 634 in
561 598 801 649 rempublicam
821 597 1091 650 procubiturum.
1122 599 1208 636 Tum
1229 599 1383 647 demum,
1405 601 1464 637 ubi
1477 614 1565 653 prae·

274 669 326 694 ter
352 658 590 708 poenitentiam
617 657 712 696 nihil
730 660 782 710 fit
799 658 963 710 ficturum
998 659 1146 710 reliqui,
1174 660 1318 698 Catonis
1349 661 1566 713 cognitarum

273 718 443 770 confilia‚
469 720 529 771 qui
554 732 625 758 noa
650 721 765 765 minus
791 731 870 761 tuta
894 720 930 759 6·
946 719 1137 773 salubria,
1166 734 1269 773 quam
1284 720 1381 774 justa
1406 721 1442 760 6·
1463 723 1568 763 hone,

272 781 328 832 fla
343 811 354 829 ³
376 781 545 833 suafiffit·

343 841 477 882 XXII.
518 844 642 893 Atque
678 843 719 882 id
750 843 978 883 vaticinium
1013 842 1128 893 paulo
1167 843 1251 894 post
1287 843 1559 894 comprobavit

280 913 454 943 eventuS.
487 904 589 945 Tum
613 917 703 944 vero
727 904 957 954 Pompejus,
988 904 1141 950 inflatus
1174 905 1442 954 magnitudine
1469 904 1562 956 sua,

278 977 407 1014 neque
435 969 782 1014 commutationem
810 967 973 1006 fortunae
1005 967 1167 1015 timens,
1196 979 1284 1006 cum
1318 967 1444 1007 Crasso
1473 980 1567 1019 pro-

278 1028 450 1076 vincias,
488 1038 668 1079 tanquam
707 1028 888 1079 oppreffae
925 1035 1124 1079 captaeque
1159 1028 1378 1080 reipublicae
1410 1029 1565 1079 spolia,

276 1090 489 1130 dividebat.
535 1093 684 1132 Sortem
723 1090 898 1130 adhiberi
925 1089 1133 1140 placuerat.
1176 1104 1220 1130 ea
1243 1093 1388 1141 Syriam
1420 1085 1562 1140 Crasso,

274 1152 447 1192 Africam
474 1166 632 1198 omnem
666 1155 702 1192 &
738 1152 967 1203 Hispanias,
1001 1163 1092 1190 cum
1125 1151 1340 1202 legionibus
1373 1163 1561 1202 quatuor,

275 1213 466 1264 Pompejo
499 1216 618 1259 dedit.
655 1216 725 1255 His
754 1216 808 1254 ita
840 1214 1049 1262 confecti&
1069 1215 1118 1253 ad
1141 1214 1406 1254 emendandos
1430 1215 1562 1255 civita·

277 1275 327 1316 tis
358 1289 508 1325 mores,
536 1279 677 1328 egregii
703 1279 876 1317 auelores
902 1276 940 1316 se
970 1275 1227 1321 contulerunt.

334 1338 487 1379 XXIII.
515 1337 625 1379 Nihil
650 1348 730 1380 erat
756 1340 920 1379 civitatis
950 1338 1103 1387 judiciis
1123 1340 1362 1389 corruptius,
1396 1338 1569 1388 nihilque

276 1395 541 1447 frequentius,
565 1412 680 1451 quam
700 1409 744 1439 ut
768 1398 1085 1441 atrociffirnorum
1113 1400 1317 1440 criminum
1347 1401 1557 1447 manifesti,

278 1471 348 1508 per
373 1461 555 1510 gratiam,
585 1471 651 1500 aut
684 1463 911 1512 pecuniam,
940 1461 1235 1502 absolverentur.
1269 1463 1464 1513 Praecipue
1486 1471 1567 1500 erat

280 1520 515 1566 invidiosum
530 1553 541 1572 ,
563 1524 689 1574 quod,
708 1533 865 1576 accepta
883 1538 904 1563 a
925 1524 1129 1565 Ptolemaeo
1146 1537 1233 1575 rege
1256 1526 1439 1575 pecunia,
1454 1523 1567 1562 multi

282 1585 521 1625 occidendos
542 1596 767 1626 curaverant
787 1586 932 1637 legatos
958 1586 1236 1626 Alexandrinos
1253 1615 1265 1634 ,
1290 1596 1357 1626 aut
1384 1599 1449 1626 eos
1465 1615 1476 1633 ,
1498 1586 1565 1635 qui

280 1658 328 1684 eo
360 1647 520 1686 crimine
545 1647 720 1698 postulati
747 1649 965 1698 frequenter
989 1648 1168 1696 fuerant,
1195 1647 1260 1686 fibi
1290 1647 1466 1686 timentes
1494 1647 1570 1685 eri-

279 1707 449 1757 piebant.
490 1709 617 1748 Etiam
646 1709 681 1748 P.
711 1708 896 1758 Ascitius,
927 1710 990 1760 qui
1022 1708 1194 1749 conscius
1222 1711 1256 1749 &
1283 1710 1437 1758 adjutor
1465 1709 1570 1748 occi-

282 1769 401 1808 dendi
431 1770 566 1810 Dionis
587 1771 696 1818 fuiffe
718 1772 970 1820 credebatur,
990 1772 1137 1822 judicio
1165 1781 1243 1810 erat
1269 1771 1460 1820 liberatus.
1496 1772 1571 1811 Au,

280 1832 374 1876 relia
405 1833 488 1884 lege
516 1843 671 1875 cautum
698 1845 802 1883 erat,
833 1847 873 1872 ut
900 1850 945 1874 ex
974 1836 1083 1873 nibus
1116 1836 1297 1877 ordinibus,
1319 1835 1457 1888 judices
1485 1835 1571 1887 lege-

282 1907 407 1934 rentur.
451 1896 492 1934 id
521 1897 659 1935 mutari
692 1910 771 1937 non
798 1895 964 1947 placuit:
995 1896 1134 1936 modus
1157 1895 1408 1946 legendorum
1431 1896 1572 1936 immu-

281 1963 408 2004 tatus,
436 1956 658 2008 latumque,
692 1971 731 1996 ut
755 1958 956 2012 amplffmo
980 1974 1024 1997 ex
1056 1960 1157 2011 censu
1184 1959 1258 1996 letti
1287 1973 1304 1995 e
1327 1958 1490 1996 centuriis
1510 1957 1572 2010 ju-

281 2018 436 2057 dicarent
458 2021 596 2058 trecenti
611 2022 801 2074 sexaginta
824 2021 904 2060 viri.
946 2021 1212 2072 Paupertatem
1244 2019 1434 2071 plerisque
1461 2017 1571 2058 fuiffe

282 2081 332 2118 ad
361 2082 584 2132 accipienda
606 2096 762 2123 munera
784 2092 1009 2133 praetextum
1034 2082 1243 2122 videbant:
1274 2081 1337 2121 sed
1364 2094 1434 2121 nec
1461 2081 1570 2120 falle-

282 2143 350 2182 bat
369 2157 459 2192 ρος,
486 2159 564 2184 non
594 2146 675 2185 fore
709 2148 1018 2193 innocentiores,
1044 2146 1107 2197 qui
1139 2158 1208 2198 per
1231 2144 1367 2187 scelera
1393 2147 1440 2186 ad
1475 2145 1570 2185 divi-

282 2205 354 2244 tias
385 2206 654 2257 pervenissent.

345 2337 366 2377 ξ
394 2338 485 2370 XXI.
510 2337 582 2370 Cic.
601 2349 663 2381 pro
687 2338 772 2370 Coel.
790 2349 819 2369 c.
840 2348 894 2370 ιο.
920 2337 940 2372 S
964 2337 1074 2369 XXII.
1097 2336 1242 2369 Diodor.
1272 2337 1345 2370 Cic.
1380 2336 1413 2369 &
1437 2336 1570 2376 Ascom‘

278 2381 316 2460 {n
331 2383 443 2473 Pg'son.
457 2382 580 2431 Vellei.
594 2394 632 2424 2,
654 2383 709 2423 76.
728 2383 818 2427 Plu-t.⁴
837 2381 861 2429 S
884 2381 1010 2424 XXII&
1024 2383 1101 2419 Val·
1115 2381 1208 2415 Max.
1221 2382 1266 2430 ὁὶ
1283 2392 1313 2414 2.
1332 2381 1562 2424 Quinstiliam
